3202 5076
602 450 895 507 rnonnoounnr.
1222 437 1297 508 lxxi

204 610 309 695 Ipsca
323 611 436 676 dextro
448 639 553 691 cornu,
568 611 651 699 quod
663 620 867 698 campartem
883 612 1009 678 minime
1024 612 1145 679 firmam
1158 614 1295 681 hostiurn

201 733 268 775 esse
283 712 424 777 animum
437 718 626 793 adverteret,
641 712 782 797 prelium
797 713 961 779 commisit.
1009 714 1062 779 lta
1072 715 1168 779 nostri
1180 715 1295 781 acriter

200 811 232 875 in
247 811 363 890 hostes,
382 813 469 903 signo
487 817 572 895 dato,
595 815 747 898 impetum
768 813 908 878 fecerunt
924 814 1030 898 itaque
1044 814 1150 881 hostes
1165 825 1292 902 repente

201 913 404 1000 celeriterque
418 923 646 1004 procurrerunt,
662 923 697 978 ut
714 915 850 999 spatium
866 913 930 999 pila
946 915 979 978 in
993 915 1098 981 hostes
1108 914 1292 1003 conjiciendi

200 1041 263 1083 non
293 1019 431 1085 daretur.
498 1013 635 1102 stoctis
665 1012 745 1099 pilis,
775 1016 947 1079 cornminus
975 1015 1088 1101 gladiis
1116 1024 1291 1102 pugnatum

200 1127 268 1184 est:
294 1129 329 1186 at
345 1118 502 1199 Germani,
518 1116 658 1183 celeriter
674 1136 714 1178 ox
729 1114 951 1180 consuetudine
963 1137 1020 1180 sua
1032 1116 1185 1203 phalange
1196 1116 1290 1195 facta,

200 1222 336 1305 impetus
363 1219 536 1305 gladiorum
573 1222 771 1301 exceperunt.
839 1214 969 1300 Reperti
1003 1225 1077 1282 sunt
1118 1218 1291 1303 complures

202 1321 300 1385 nostri
324 1319 450 1397 milites,
472 1319 525 1403 qui
547 1319 580 1383 in
600 1315 771 1403 phalangas
793 1314 945 1381 insilirent
970 1323 1002 1380 et
1032 1324 1122 1382 scuta
1148 1317 1291 1384 munibus

200 1420 382 1485 revellerent
409 1428 441 1485 et
463 1418 594 1506 desuper
618 1416 827 1481 vulnerarent.
878 1415 982 1497 Quum
1004 1416 1142 1482 hostium
1165 1418 1247 1484 acies
1270 1441 1290 1483 a

199 1521 324 1586 sinistro
346 1542 441 1586 cornu
467 1518 556 1605 pulsa
576 1526 670 1603 atque
685 1515 717 1580 in
732 1516 839 1602 lugam
861 1538 1009 1581 conversa
1028 1527 1119 1594 esset,
1140 1541 1161 1582 a
1175 1517 1288 1583 dextro

202 1643 297 1686 cornu
320 1622 519 1687 vehementer
539 1615 739 1685 multitudine
753 1638 880 1681 suorum
895 1626 1034 1681 nostram
1054 1619 1153 1682 aciem
1170 1641 1289 1705 preme·

202 1721 289 1786 bant.
342 1721 382 1785 ld
402 1743 497 1805 quurn
519 1716 788 1784 animadvertisset
812 1715 851 1781 P.
875 1717 1004 1783 Crassus
1025 1717 1214 1795 adolescens,
1237 1719 1289 1804 qni

199 1822 342 1904 equitatu
364 1827 504 1906 praeerat,
534 1818 618 1903 qnod
647 1817 822 1903 expeditior
846 1825 922 1896 erat,
944 1839 1038 1901 quarn
1064 1817 1106 1895 hi,
1129 1819 1181 1903 qui
1207 1819 1288 1884 inter

196 1921 298 1987 aciem
312 1920 525 1997 versabantur,
539 1920 664 1984 tertiam
678 1918 776 1982 aciem
791 1918 1005 1984 laborantibus
1021 1918 1135 1984 nostris
1151 1918 1289 1985 subsidio

194 2021 293 2085 misit.

243 2119 343 2186 LIII.
381 2118 434 2184 Ita
462 2119 601 2203 proelium
633 2119 812 2184 restitutum
840 2125 897 2196 est,
924 2126 1017 2203 atque
1046 2142 1154 2187 omnes
1183 2122 1288 2188 hostes

197 2230 289 2308 terga
319 2227 490 2297 verterunt,
518 2243 616 2304 neque
647 2219 732 2304 prius
760 2219 865 2302 fugere
897 2218 1093 2297 destiterunt,
1123 2244 1217 2304 quam
1245 2223 1287 2287 ad

198 2319 313 2387 flumen
336 2321 481 2386 Rhenum
506 2320 604 2385 millia
626 2340 771 2404 passuum
793 2340 833 2381 ex
855 2340 891 2381 eo
913 2319 980 2383 loco
1002 2320 1124 2385 circiter
1138 2321 1288 2407 quinqua·

196 2423 286 2507 ginta
296 2433 513 2508 pervenerunt.
559 2420 607 2485 Ibi
621 2418 766 2505 perpauci
777 2425 833 2482 aut
843 2419 960 2483 viribus
971 2418 1076 2484 confisi
1092 2429 1287 2488 transnatare

199 2522 436 2599 contenderunt,
459 2529 515 2587 aut
536 2521 681 2586 lintribus
702 2517 837 2583 inventis
858 2519 915 2584 sibi
939 2519 1071 2584 salutem
1095 2532 1286 2606 repererunt.

198 2621 241 2686 ·ln
265 2623 314 2688 his
338 2622 399 2687 fnit
425 2621 612 2700 Ariovistus,
637 2621 699 2705 qui,
722 2619 897 2684 naviculam
923 2617 1090 2704 deligatam
1115 2621 1158 2685 ad
1187 2621 1286 2707 ripam

199 2732 319 2800 nactus,
346 2746 384 2787 ea
408 2722 562 2808 profugit:
586 2722 719 2806 reliquos
740 2742 846 2784 omnes
867 2719 1024 2785 consecuti
1046 2720 1166 2805 equites
1187 2723 1286 2786 nostri

198 2824 429 2888 interfecerunt.
496 2822 576 2888 Duae
600 2823 726 2888 fuerunt
754 2819 907 2886 Ariovisti
934 2842 1057 2898 uxores,
1089 2843 1152 2885 una
1184 2820 1288 2887 Sueva

198 2923 336 2998 natione,
354 2944 447 3008 quam
469 2923 510 2987 ab
524 2923 617 2988 domo
633 2944 738 2988 secum
755 2921 928 2993 eduxerat;
952 2920 1051 2985 altera
1067 2921 1189 2999 Norica,
1207 2922 1288 3008 regis

199 3023 348 3088 Vooionis
378 3045 475 3099 soror,
498 3047 592 3108 quam
614 3023 646 3088 in
673 3020 775 3086 Gallia
803 3020 948 3096 duxerat,
975 3044 995 3085 a
1018 3021 1115 3086 fratre
1140 3022 1283 3088 missam:

197 3132 334 3208 utraeque
355 3123 389 3187 in
408 3145 446 3188 ea
466 3123 541 3210 fuga
562 3124 729 3211 perierunt.
772 3121 855 3185 Duae
877 3119 948 3185 filiae
970 3122 1091 3195 harum,
1114 3123 1214 3187 altera
1235 3145 1285 3188 oc·

196 3224 269 3302 cisa,
285 3225 384 3289 altera
400 3232 493 3310 capta
509 3232 568 3289 est.
622 3223 658 3289 (l.
682 3220 829 3287 Valerius
850 3220 1014 3294 Procillus,
1037 3245 1132 3307 quum
1147 3246 1167 3287 a
1182 3230 1286 3287 custo·

198 3324 290 3390 dibus
318 3325 350 3389 in
378 3323 454 3408 fuga
481 3324 572 3389 trinis
602 3323 720 3389 catenis
750 3322 873 3387 vinctus
902 3322 1088 3397 traheretur,
1118 3323 1151 3387 in
1183 3323 1285 3409 ipsum

197 3424 362 3503 cesarem,
377 3423 475 3489 hostis
489 3424 630 3508 equitatu
643 3430 886 3509 persequentem,
901 3421 1022 3487 incidit.
1067 3423 1144 3505 Quas
1159 3423 1284 3507 quidem

196 3547 248 3591 res
273 3524 391 3590 Oaesari
420 3545 482 3588 non
510 3525 671 3600 minorem,
702 3545 795 3608 quarn
823 3523 891 3609 ipsa
921 3522 1061 3600 victoria,
1090 3525 1284 3609 voluptatem

196 3625 321 3705 adtulit,
338 3623 422 3710 qnod
435 3624 592 3689 hominem
608 3623 858 3689 honestissimum
875 3622 1039 3708 provincia
1057 3623 1178 3700 Galliac,
1195 3645 1286 3688 suum

197 3725 381 3790 familiarem
413 3731 446 3790 et
473 3724 637 3810 hospitem,
664 3731 805 3809 ereptum
831 3747 848 3789 e
876 3722 1020 3788 manibus
1046 3724 1194 3800 hostium,
1226 3723 1284 3788 sibi

197 3827 379 3892 restitutum
396 3824 532 3904 videbat,
551 3847 651 3909 neque
671 3821 737 3909 ejus
758 3823 937 3889 calamitate
960 3822 999 3888 dc
1019 3831 1110 3888 tantu
1125 3823 1287 3908 voluptate

196 3933 230 3990 et
241 3926 450 4012 gratulatione
461 3924 629 4010 quidquam
641 3925 767 3989 fortuna
781 3923 985 3989 deminuerat.
1023 3924 1066 4002 Is,
1079 3946 1112 3989 sc
1123 3933 1287 4013 praesente,

196 4025 237 4090 de
252 4048 284 4091 se
299 4034 348 4092 ter
361 4024 497 4092 sortibus
510 4024 685 4090 consultum
705 4023 838 4104 dicebat,
857 4033 964 4089 utrum
984 4024 1048 4110 igni
1073 4023 1180 4089 statim
1195 4046 1288 4088 neca-

197 4135 295 4202 retur,
315 4149 356 4191 an
377 4127 409 4191 in
430 4125 517 4190 alind
539 4134 662 4209 tempus
682 4134 913 4200 reservaretur3
940 4125 1070 4188 sortium
1092 4122 1240 4203 beneficio
1255 4146 1288 4189 se

195 4248 264 4291 esse
288 4225 491 4291 incolumem.
551 4225 635 4292 Item
668 4224 716 4292 M.
747 4223 882 4291 Mettius
910 4232 1051 4309 repertus
1081 4233 1113 4289 et
1144 4223 1186 4288 ad
1218 4247 1289 4288 eum

197 4326 346 4392 reductus
361 4334 419 4392 eet.

250 4425 342 4492 LIV.
369 4424 442 4490 Hoc
463 4425 570 4511 proelio
590 4433 675 4491 trans
698 4424 844 4490 Rhenum
868 4423 1024 4502 nunciato,
1050 4424 1154 4502 Saevi,
1173 4426 1225 4508 qui
1251 4422 1291 4489 ad
