3202 5076
522 472 527 481 .
641 430 938 488 raomoounm.
1235 416 1338 489 lxxix

241 619 274 663 ae
305 591 391 681 apud
418 614 491 660 enm
519 593 599 661 velle
629 592 787 659 dixerunt.
842 592 905 660 His
928 594 1035 661 esar
1062 594 1240 661 libertatem
1265 618 1340 660 con·-

241 698 346 762 cessit·

287 795 390 861 XVI.
412 795 599 860 Gemmnico
625 794 706 860 bello
733 796 885 873 confecto,
902 795 1011 861 multis
1036 795 1076 860 de
1102 796 1218 861 caussis
1236 795 1339 862 Oaesar

245 896 368 973 statuit,
398 896 456 962 sibi
484 896 630 961 Rhenum
660 917 727 961 esse
753 895 999 961 transeundum:
1037 919 1168 982 quarum
1197 896 1252 961 illa
1279 896 1339 962 fnit

239 995 422 1083 justissima,
438 995 531 1080 quod,
556 1018 652 1080 quum
668 995 800 1072 videret,
819 996 995 1061 Germanos
1010 1004 1077 1061 tam
1099 996 1189 1062 facile
1212 996 1339 1082 impelli,

244 1107 281 1163 ut
299 1097 330 1161 in
348 1097 484 1162 Galliam
499 1097 651 1172 venirent,
674 1096 739 1161 suis
764 1119 884 1181 quoque
907 1096 1001 1162 rebus
1026 1120 1079 1162 eos
1102 1097 1212 1163 timere
1227 1097 1338 1176 voluit,

244 1220 338 1282 quum
353 1197 573 1283 intelligerent,
590 1203 623 1260 et
645 1219 735 1282 possa
755 1204 788 1261 et
804 1196 919 1262 audere
940 1196 1046 1283 populi
1062 1197 1195 1262 Romani
1220 1197 1341 1262 exerci-

244 1307 312 1363 tum
328 1296 474 1362 Rhenum
490 1297 634 1361 transire.
689 1297 833 1363 Accessit
849 1297 954 1376 etiam,
982 1298 1065 1382 quod
1087 1298 1142 1362 illa
1159 1321 1232 1383 pars
1253 1298 1340 1381 equi-

243 1406 332 1464 tatus
349 1397 519 1483 Usipetum
534 1405 568 1461 et
583 1396 861 1476 Tenchtherornm,
877 1420 969 1480 quam
984 1420 1078 1484 supra
1101 1398 1340 1464 commemoravi

243 1498 404 1585 predandi
443 1497 716 1582 frumentandique
745 1520 855 1564 caussa
885 1498 1011 1563 Mosam
1046 1498 1204 1574 transisse,
1239 1521 1339 1583 neque

244 1599 350 1685 proelio
372 1597 559 1676 interfuisse,
582 1606 653 1683 post
680 1597 787 1684 fugam
816 1621 941 1664 suorum
969 1621 1003 1664 se
1023 1607 1111 1664 trans
1136 1598 1287 1665 Rhenum.
1306 1600 1339 1663 iu

245 1697 322 1764 fines
345 1697 578 1786 Sipumdrorum
596 1707 756 1782 receperat
770 1721 870 1783 neque
885 1722 957 1764 cum
971 1699 1010 1765 iis
1024 1697 1238 1785 conjunxerat.
1283 1699 1338 1763 Ad

245 1821 322 1883 quoe
346 1820 443 1883 quum
458 1798 564 1864 Caesar
588 1799 717 1864 nuncios
741 1798 885 1877 misisset,
904 1798 957 1883 qni
980 1799 1185 1885 postularent,
1200 1822 1262 1877 eos,
1286 1800 1338 1885 qui

244 1899 304 1965 sibi
319 1898 490 1982 Galliaque
506 1897 623 1963 bellum
636 1898 823 1978 intulissent,
839 1900 899 1966 sibi
916 1899 1077 1978 dederent,
1092 1900 1337 1985 responderunt:

247 2006 268 2036 “
286 1997 404 2083 Populi·
416 1998 552 2063 Romani
566 1998 730 2083 imperium
745 1999 891 2065 Rhenum
906 1998 1014 2066 linire:
1038 2001 1074 2078 si,
1097 2023 1130 2067 se
1144 1999 1340 2066 invitoGer-

245 2120 356 2164 manos
379 2098 413 2163 in
428 2096 563 2162 Galliam
585 2098 726 2177 transire,
748 2122 809 2163 non
833 2121 956 2184 aequum
980 2101 1184 2181 existimaret,
1211 2124 1267 2166 cnr
1291 2103 1339 2168 sni

245 2199 415 2283 quidquam
440 2219 507 2264 esse
531 2197 653 2283 imperii
677 2206 733 2263 aut
757 2201 923 2283 potestatis
947 2208 1034 2266 trans
1060 2201 1204 2266 Rhenum
1229 2210 1339 2287 postn-

245 2298 370 2364 lareti''
414 2298 492 2363 Ubii
514 2305 633 2372 autem,
656 2297 708 2381 qui
727 2299 782 2363 nni
803 2321 843 2364 ex
866 2301 1098 2366 transrhenanis
1121 2300 1162 2366 ad
1182 2301 1337 2368 Oaesarem

245 2399 365 2485 legatos
378 2399 538 2476 miserant,
550 2397 720 2463 amicitiam
736 2399 885 2478 fecerant,
902 2399 1025 2466 obsides
1040 2400 1202 2477 dederant,
1212 2424 1339 2487 magno-

246 2522 318 2585 pere
332 2500 475 2578 orabant,
492 2505 512 2534 ‘⁶
521 2508 559 2564 ut
572 2498 633 2565 sibi
647 2497 799 2564 auxilinm
814 2499 918 2576 ferret,
934 2500 1017 2583 qnod
1026 2501 1165 2586 graviter
1173 2501 1213 2566 ab
1229 2501 1340 2568 Snevie

245 2607 480 2684 premerenturr
521 2600 581 2677 vel,
617 2598 643 2665 si
674 2598 709 2664 id
738 2600 841 2664 facere
874 2600 1130 2686 occupationibus
1161 2601 1337 2687 reipublicae

244 2700 469 2784 prohiberetur,
488 2700 660 2765 exercitum
682 2699 776 2764 modo
791 2700 937 2765 Rhenum
958 2707 1207 2786 transportaret:
1231 2701 1265 2765 id
1279 2702 1337 2768 sibi

244 2799 287 2864 ad
302 2800 454 2865 auxilium
474 2822 620 2886 spemque
639 2800 749 2884 reliqui
764 2800 913 2887 temporis
935 2801 1013 2866 satie
1028 2802 1188 2866 futurum:
1213 2807 1337 2867 tantum

245 2921 312 2965 esse
326 2923 438 2965 nomen
453 2907 547 2985 atque
562 2900 736 2986 opinionem
756 2898 823 2988 ejus
844 2901 1009 2982 exercitus,
1026 2901 1187 2967 Ariovisto
1201 2902 1290 2987 pulso
1305 2911 1338 2968 et

244 3000 306 3065 hoc
329 3000 495 3066 novissimo
520 3000 626 3086 proelio
651 3000 746 3079 facto,
772 3001 868 3066 etiam
896 3001 937 3065 ad
960 3002 1088 3067 ultimas
1109 3002 1337 3068 Germanorum

245 3100 396 3177 nationes,
425 3101 473 3165 nti
498 3101 641 3185 opinione
666 3110 699 3166 et
724 3101 864 3166 amicitia
892 3102 998 3188 populi
1026 3102 1160 3167 Romani
1186 3104 1247 3168 tuti
1272 3125 1337 3169 esse

245 3199 396 3285 possint.''
441 3200 578 3265 Navium
599 3223 746 3287 magnam
762 3200 883 3288 copiam
900 3201 942 3266 ad
956 3203 1233 3289 transportandum
1250 3227 1338 3270 exer-

245 3300 342 3365 citum
357 3300 592 3385 pollicebantur.

290 3400 411 3465 XVII.
434 3400 538 3466 (iasar
565 3400 614 3466 his
646 3401 686 3466 de
709 3401 836 3480 caussis,
872 3424 950 3486 quas
981 3405 1232 3481 commemoravi,
1255 3404 1338 3470 Rhe

243 3522 320 3565 num
346 3500 479 3565 transire
505 3500 704 3576 decreverat3
733 3502 789 3566 sed
811 3503 943 3567 navibus
966 3503 1110 3578 transire,
1134 3527 1234 3588 neque
1261 3505 1338 3571 satis

243 3608 352 3666 tutum
375 3622 441 3666 esse
464 3600 687 3681 arbitrabatur,
713 3624 814 3686 neque
843 3624 905 3667 suae
943 3624 1042 3688 neque
1070 3604 1177 3689 populi
1204 3604 1338 3669 Romani

244 3700 408 3787 dignitatis
437 3722 502 3766 csse
534 3702 703 3769 statuebat.
764 3701 884 3785 Itaque,
915 3702 975 3767 etsi
1011 3725 1134 3768 summa
1172 3703 1338 3771 difficultas

242 3801 381 3866 faciundi
404 3801 507 3886 pontis
522 3801 753 3887 proponebatur
770 3810 897 3888 propter
912 3801 1121 3882 latitudinem,
1137 3804 1338 3889 rapiditatem

243 3901 503 3985 altitudinemque
534 3898 679 3979 fluminis,
708 3908 814 3966 tamen
846 3901 878 3966 id
908 3902 970 3967 sibi
997 3904 1259 3984 contendendum,
1282 3914 1338 3970 aut

243 4000 335 4066 aliter
348 4023 411 4066 non
427 4000 692 4067 transducendum
707 4002 888 4078 exercitum,
906 4003 1118 4069 existimabat.
1171 4005 1338 4071 Rationem

244 4102 348 4186 pontis
362 4102 443 4167 banc
463 4101 613 4167 instituit.
659 4102 761 4188 Tigna
787 4103 862 4168 bina
883 4103 1120 4189 sesquipedalia,
1136 4106 1276 4190 paullum
1298 4106 1338 4171 ab

243 4200 306 4265 imo
332 4210 499 4287 praeacnte,
532 4201 673 4268 dimensa
697 4202 739 4267 ad
766 4202 966 4268 altitudinem
1000 4202 1145 4283 fluminis,
1175 4205 1339 4271 intervallo

241 4301 359 4386 pedum
375 4302 508 4368 duorum
529 4303 612 4367 inter
633 4325 666 4369 ee
688 4301 854 4391 jungebat.
918 4302 998 4368 Hac
1023 4328 1119 4389 quum
1135 4306 1339 4371 machinatio-

241 4401 336 4469 nibus
352 4400 492 4469 immissa
517 4401 551 4469 in
577 4400 705 4496 flumen,
720 4401 873 4470 defixerat
890 4400 1068 4489 fistucisque
1091 4403 1251 4492 adegerat,
1276 4426 1338 4470 uon
