3246 5078
639 443 932 501 PROLEGOMENA.
1275 433 1331 498 xci

239 609 295 688 ria,
322 630 405 673 nuuc
428 613 557 693 agentes
580 603 708 691 gratias,
733 601 818 685 quod
840 623 878 665 ea
902 601 1046 668 Romana
1065 600 1193 689 justitia
1218 602 1334 681 finiret,

238 710 406 793 feritasque
433 730 490 772 sua
518 706 656 770 novitate
685 702 853 788 incognite
883 701 1052 787 discipline
1082 704 1271 781 mitesceret,
1302 713 1335 771 et

239 809 331 875 solita
343 808 437 873 armis
450 806 588 872 descerni
596 803 669 892 jure
683 803 933 881 terminarentur,
949 803 981 867 in
994 827 1148 870 summam
1162 805 1334 871 socordiam

241 909 413 995 perduxere
436 906 660 991 Quinctilium
685 926 782 989 usque
807 924 855 979 eo,
878 911 914 969 ut
940 925 973 968 se
996 913 1160 990 praetorem
1180 906 1335 971 urbanum

241 1009 273 1073 in
295 1010 362 1075 toro
376 1008 431 1096 jus
452 1008 563 1085 dicere,
588 1029 651 1070 nou
673 1005 706 1071 in
726 1004 836 1068 mediis
859 1004 1035 1070 Germaniae
1055 1004 1169 1072 finibus
1183 1005 1336 1071 exercitui

241 1132 370 1195 praesse
394 1108 543 1174 crederet.
589 1106 671 1170 Tum
688 1102 815 1190 juvenis
834 1127 948 1190 genere
972 1105 1095 1185 nobilis,
1117 1128 1213 1172 manu
1235 1106 1334 1185 fortis,

239 1233 332 1275 sensu
343 1210 434 1289 celer,
448 1209 531 1274 ultra
541 1207 708 1273 barbarum
722 1210 863 1291 promtus
877 1204 1010 1290 ingenio,
1024 1206 1148 1272 nomine
1161 1206 1335 1285 Arminius,

241 1311 384 1397 Sigimeri
414 1308 562 1396 principia
591 1307 695 1393 gentis
725 1302 792 1392 ejus
823 1302 915 1381 filius,
948 1306 1092 1372 ardorem
1121 1307 1218 1373 animi
1243 1308 1334 1373 vultu

240 1411 397 1496 oculisque
424 1409 598 1495 preferens,
628 1406 772 1474 assiduus
799 1405 920 1471 militiae
945 1415 1059 1472 nostrae
1085 1407 1195 1492 prioris
1220 1430 1334 1487 eomes,

243 1512 344 1593 (cum)
364 1509 436 1598 jure
459 1511 556 1576 etiam
578 1508 722 1574 civitates
744 1507 893 1572 Romane
909 1503 965 1591 jus
981 1507 1132 1592 equestris
1148 1530 1337 1595 consequeus

239 1611 365 1697 gradus,
389 1610 523 1696 segnitia
544 1609 633 1675 ducis
654 1609 687 1674 iu
708 1608 902 1673 mundonem
924 1607 1048 1673 sceleris
1069 1631 1144 1674 usus
1165 1615 1224 1685 eet,
1247 1608 1335 1674 haud

239 1712 453 1798 imprudenter
475 1710 661 1798 speculatus,
684 1710 840 1774 neminem
866 1707 995 1774 celerius
1014 1708 1157 1795 opprimi,
1173 1731 1267 1794 quam
1281 1709 1334 1794 qui

240 1812 318 1877 nihil
341 1813 488 1887 timeret;
517 1819 551 1876 et
575 1809 858 1895 frequentissimum
882 1808 1008 1874 initium
1038 1832 1105 1875 esse
1135 1810 1333 1888 calamitatis,

238 1913 452 1978 securitatem.
516 1910 623 1975 Primo
656 1909 753 1995 igitur
783 1931 908 1994 paucos,
942 1932 1017 1975 mox
1044 1910 1149 1995 plures
1178 1909 1211 1975 in
1241 1910 1337 1976 socie-

240 2019 342 2076 tatem
369 2006 488 2077 coneilii
511 2010 640 2096 recipit:
668 2009 802 2095 opprimi
833 2031 922 2094 posse
942 2010 1112 2089 Βοιιιιιιιοι,
1136 2018 1169 2076 et
1191 2010 1278 2090 dicit,
1302 2018 1336 2076 et

240 2111 428 2198 persuadet;
466 2111 598 2176 decretis
620 2109 705 2175 facta
723 2107 850 2196 juugit3
874 2118 998 2195 tempus
1020 2109 1203 2177 insidiarum
1222 2112 1335 2177 eonsti-

240 2213 315 2277 tuit.
362 2211 402 2275 Id
428 2211 517 2277 Vero
540 2234 597 2296 per
624 2209 726 2275 virum
751 2207 819 2295 ejus
844 2212 948 2294 gentis
974 2208 1097 2276 fidelem
1122 2211 1258 2296 clarique
1280 2234 1335 2277 no·

240 2311 334 2378 minis
356 2311 506 2398 Segesten
527 2310 695 2376 indicatur.
740 2308 805 2373 Sed
825 2309 993 2374 obstabant
1008 2307 1079 2396 jam
1102 2310 1170 2377 tata
1189 2311 1335 2390 consiliis,

241 2435 425 2498 omnemque
445 2411 542 2478 animi
562 2408 628 2497 ejus
650 2410 749 2476 aciem
774 2409 1041 2495 preestrinxerant.
1092 2411 1215 2497 Quippe
1234 2411 1281 2478 ita
1303 2433 1335 2476 se

241 2535 292 2578 ree
306 2513 411 2593 habet,
429 2520 466 2577 ut
481 2513 662 2598 plerumque
679 2509 764 2599 [qni]
781 2510 939 2575 fortunam
954 2517 1133 2577 mutaturus
1149 2510 1248 2588 Deus,
1263 2534 1336 2576 eou-

241 2613 311 2679 silia
334 2620 521 2699 corrumpat,
550 2610 734 2696 efficiatque,
760 2610 844 2695 quod
863 2610 1072 2676 miserrimum
1093 2617 1152 2690 est,
1175 2618 1224 2688 ut,
1252 2610 1337 2696 quod

242 2714 367 2792 accidit,
388 2714 423 2778 id
438 2715 534 2779 etiam
548 2712 660 2778 merito
674 2710 824 2777 accidisse
839 2711 993 2790 videatur,
1011 2720 1044 2777 et
1060 2733 1151 2778 casus
1164 2710 1197 2776 in
1212 2712 1336 2798 culpam

241 2821 391 2880 trauseat.
453 2813 558 2900 Negat
586 2813 692 2897 itaque
721 2834 754 2878 se
777 2810 912 2885 credere,
939 2834 1088 2899 spemque
1119 2811 1152 2876 in
1183 2834 1216 2878 se
1245 2811 1338 2877 bene-

242 2915 386 2980 volentiae
413 2937 454 2980 ex
479 2913 592 2979 merito
616 2912 773 2979 aestimare
797 2910 971 2998 profitetur.
1023 2912 1091 2979 Nec
1114 2911 1242 2992 diutius,
1264 2920 1336 2999 poet

242 3015 376 3101 primum
392 3015 540 3091 indicem,
556 3013 692 3080 seeundo
704 3011 831 3079 relictus
844 3012 941 3078 locus.

291 3115 426 3183 cxlx.
448 3113 600 3181 Ordinem
621 3112 821 3179 atrocissimae
843 3112 1041 3190 calamitatis,
1064 3134 1127 3198 qua
1147 3112 1242 3192 nulla,
1264 3120 1336 3199 poet

241 3216 346 3283 Orassi
366 3216 399 3281 in
424 3215 552 3281 Parthie
573 3215 732 3291 damnum,
755 3213 788 3278 in
810 3213 948 3278 externis
963 3213 1109 3300 gentibus
1122 3213 1247 3300 gravior
1269 3213 1336 3278 Ro-
1378 3262 1381 3269 .

241 3317 342 3383 manis
370 3316 440 3396 fuit,
465 3314 561 3402 justis
595 3313 812 3392 voluminibus,
841 3322 879 3379 ut
907 3313 970 3392 alii,
996 3314 1042 3378 ita
1070 3335 1127 3380 uos
1155 3313 1336 3379 conabimur

242 3439 406 3504 exponere.
452 3417 544 3482 Nune
574 3436 698 3481 summa
727 3412 871 3480 deflenda
897 3422 955 3480 eet.
999 3412 1169 3479 Exercitus
1196 3414 1335 3480 omnium

240 3518 436 3597 fortissimus,
461 3516 634 3602 disciplina,
660 3537 768 3591 manu,
797 3513 1050 3600 experientiaque
1075 3513 1226 3579 bellorum
1254 3514 1337 3580 inter

242 3618 401 3684 Romanos
429 3617 546 3683 milites
574 3615 728 3702 princeps,
749 3637 902 3680 marcore
935 3614 1034 3690 dueie,
1068 3613 1199 3700 pertidia
1224 3613 1334 3693 hostis,

240 3719 405 3805 iniquitate
430 3718 565 3783 fortunae
587 3717 817 3782 ebcumventue
841 3716 928 3798 (cum
951 3737 991 3779 ne
1019 3713 1180 3801 pugnandi
1209 3713 1335 3798 quidem

241 3828 297 3885 aut
318 3817 497 3906 egrediendi
523 3817 645 3883 omerio
663 3817 714 3893 iis,
736 3816 769 3881 in
792 3822 945 3901 quantum
961 3814 1135 3894 voluerant,
1160 3813 1237 3880 deta
1252 3820 1336 3881 esset

241 3920 387 4007 impune;
426 3917 588 4005 castigatis
610 3916 707 3982 etiarn
728 3915 915 4001 quibusdam
936 3914 1025 4002 gravi
1047 3937 1148 4002 poena,
1177 3913 1250 3999 quia
1272 3915 1337 3981 Ro·

241 4019 343 4087 mauis
362 4026 396 4085 et
420 4019 515 4084 muris
537 4026 570 4083 et
591 4016 703 4083 animis
724 4016 773 4082 usi
794 4017 952 4101 fuissent),
978 4015 1116 4082 inclusus
1132 4013 1229 4092 silvis,
1248 4015 1335 4103 palu·

241 4118 344 4198 dibus,
369 4119 501 4196 insidiis,
522 4118 562 4184 ab
583 4141 621 4184 eo
644 4117 733 4183 hoste
754 4116 796 4182 ad
814 4115 1057 4182 internecionem
1079 4114 1255 4182 trucidatus
1275 4123 1334 4194 est,

241 4243 335 4305 quem
357 4242 478 4306 semper
499 4220 544 4284 ite
566 4241 652 4285 more
673 4216 830 4305 pecudum
855 4216 1079 4294 trucidaverat,
1101 4224 1137 4282 ut
1159 4214 1258 4280 vitam
1279 4224 1336 4281 aut

239 4328 374 4386 mortem
400 4318 466 4406 ejus
492 4342 574 4385 nuno
595 4319 654 4396 ira,
681 4341 763 4384 nuno
786 4316 877 4384 venia
900 4324 1100 4404 temperaret.
1161 4314 1245 4381 Duoi
1266 4317 1337 4402 plue

240 4420 282 4486 ad
306 4420 514 4498 moriendum,
544 4406 637 4504 quam
660 4418 703 4485 ad
729 4417 944 4506 pugnandum,
966 4416 1063 4483 animi
1086 4416 1157 4483 linit.
1214 4416 1338 4503 Quippe
