3232 5100
299 432 375 480 XXX
578 425 654 481 THE
676 426 858 482 sununs?
884 426 932 482 ΟΡ
955 426 1122 483 ruamus

302 586 535 673 Wurgondaib,
551 609 719 672 peraunos
732 587 851 671 aliquot
868 587 1058 673 possedisse:
1087 609 1155 671 qnae
1172 609 1230 652 uos
1252 587 1399 653 arbitrari

297 710 460 774 possumus
476 711 543 753 esse
559 686 709 752 vocabula
726 709 887 773 pagorum,
905 711 959 753 seu
975 710 1228 772 quorumcunque
1245 687 1396 753 locorum.

342 787 445 853 XIV.
470 786 607 852 Mortuis
629 787 748 851 interea
771 786 845 851 Ibor
870 797 903 853 et
926 789 1041 875 Ayone
1064 788 1207 863 ducibus,
1231 788 1283 872 qui
1311 789 1399 855 Lon·

295 887 451 974 goburdos
473 910 494 953 a
516 886 725 953 scandinavia
745 887 929 965 eduxerant,
947 897 980 953 et
1002 911 1099 973 usque
1114 888 1155 953 ad
1170 889 1236 953 haec
1253 898 1398 974 tempora

296 996 454 1065 rexerant,
487 987 627 1053 nolentes
642 984 712 1072 jam
739 987 823 1052 ultra
854 988 1052 1074 Langobardi
1084 1011 1151 1054 esse
1172 989 1231 1053 snb
1254 988 1396 1067 ducibus,

296 1111 402 1175 regem
419 1088 478 1154 sibi
492 1087 534 1153 ad
549 1095 731 1152 ceterarum
753 1089 854 1153 instar
874 1089 1015 1174 gentium
1033 1097 1223 1155 statuerunt.
1251 1089 1396 1175 ·Regna·

299 1188 343 1253 vit
372 1189 468 1274 igitur
496 1211 589 1275 super
616 1209 669 1253 eos
690 1188 808 1273 primus
825 1189 1056 1275 Agelmundus,
1089 1186 1170 1254 filins
1193 1188 1326 1274 thynnis,
1354 1212 1395 1254 ex

296 1289 439 1375 prosapia
461 1289 577 1354 ducens
597 1287 747 1373 originem
770 1286 998 1374 Guningorum,
1021 1312 1089 1373 quae
1111 1288 1196 1375 apud
1221 1312 1275 1355 cos
1298 1312 1394 1376 gene·

295 1389 392 1455 rosior
413 1389 596 1454 habebatur.
643 1387 717 1466 Hic,
739 1387 821 1453 sicut
843 1412 863 1454 a
883 1387 1053 1475 majoribus
1076 1390 1220 1467 traditur,
1236 1390 1339 1456 tribus
1358 1398 1393 1455 et

295 1490 425 1575 triginta
439 1490 528 1555 annis
544 1488 822 1573 Longobardorum
837 1489 940 1555 tenuit
957 1511 1097 1576 regnum.

340 1589 421 1654 XV.
446 1588 508 1655 His
529 1589 723 1674 temporibus
744 1588 888 1673 quedam
910 1590 1059 1655 meretrix
1082 1612 1144 1654 uno
1159 1598 1251 1676 partu
1269 1598 1389 1676 septem

296 1690 441 1775 puerulos
462 1689 567 1765 enixa,
588 1688 688 1754 beluis
709 1690 853 1755 omnibus
876 1698 978 1755 mater
1000 1690 1164 1769 crudelior,
1185 1690 1216 1754 in
1241 1690 1392 1776 piscinam

294 1787 424 1875 projecit
449 1789 615 1854 necandos.
675 1788 747 1853 Hoc
770 1789 796 1855 si
823 1790 873 1854 cui
900 1790 1089 1876 impossibile
1113 1791 1248 1865 videtur,
1273 1791 1391 1877 relegat

293 1890 439 1955 historias
459 1896 610 1967 veterum,
636 1896 668 1954 st
693 1889 830 1955 inveniet
854 1913 917 1956 non
942 1891 1043 1971 solum
1064 1898 1184 1976 septem
1209 1891 1389 1969 infantulos,
1460 1936 1469 1955 .

293 1989 349 2054 sed
374 1989 468 2055 etiam
493 2012 606 2055 novem
630 2011 726 2054 unam
750 1989 912 2055 mulierem
936 1991 1029 2056 simul
1053 1991 1219 2078 peperisse.
1271 1991 1316 2056 Et
1330 1992 1390 2056 hoc

293 2098 414 2154 certum
430 2098 478 2156 est
494 2091 631 2155 maxime
645 2089 731 2177 apud
747 2091 924 2177 AEgyptios
937 2089 1014 2157 fieri.
1066 2092 1206 2177 (lontigit
1227 2090 1335 2176 itaque
1351 2101 1389 2156 ut

292 2213 348 2255 rex
361 2190 588 2277 Agelmundus,
602 2190 677 2255 dum
691 2190 751 2255 iter
765 2199 915 2277 carperet,
928 2191 971 2256 ad
985 2192 1116 2257 eandem
1131 2190 1282 2277 piscinam
1298 2192 1391 2259 deve·

290 2291 382 2358 niret.
428 2291 490 2374 Qui
505 2313 576 2356 cnm
593 2313 672 2376 equo
685 2298 808 2356 retento
822 2291 1014 2358 miserandos
1027 2291 1197 2357 infantulos
1210 2292 1387 2367 miraretur,

291 2391 442 2477 hastaque
467 2414 561 2476 qnam
588 2414 682 2456 mann
709 2391 848 2477 gerebat,
876 2392 938 2456 huc
963 2391 1097 2477 illucque
1123 2414 1176 2457 eos
1205 2391 1385 2468 inverteret,

289 2514 370 2558 unus
384 2516 424 2558 cx
439 2493 500 2558 illis
514 2514 609 2557 manu
624 2489 739 2578 injecta
753 2492 877 2557 hastam
891 2491 1007 2577 regiam
1022 2492 1269 2578 comprehendit.
1314 2492 1387 2557 Rex

289 2592 500 2658 misericordia
513 2601 627 2670 motus,
641 2592 820 2676 factumque
834 2591 929 2657 altius
942 2591 1126 2669 admiratus,
1143 2615 1215 2658 eum
1237 2598 1386 2678 magnum

290 2693 431 2759 futurum
457 2693 658 2779 pronuntiat:
686 2714 821 2776 moxque
838 2715 910 2757 cum
932 2715 950 2758 e
972 2692 1092 2779 piscina
1113 2694 1210 2758 levari
1233 2694 1384 2780 praecipit,

289 2802 384 2877 atque
409 2793 523 2860 nutrici
548 2791 711 2869 traditum,
734 2792 914 2857 amnicum
940 2794 1046 2859 studio
1073 2793 1204 2858 mandat
1227 2792 1384 2858 alendum.

291 2892 336 2958 Et
365 2895 440 2979 quia
467 2916 539 2959 eum
564 2892 604 2959 de
625 2892 754 2979 piscina,
777 2915 845 2978 quae
871 2914 978 2958 corum
1002 2893 1109 2979 lingua
1129 2895 1232 2960 Lamo
1259 2892 1383 2972 dicitur,

286 2994 426 3073 abstulit,
452 2994 604 3059 anissio
628 2992 730 3059 eidem
754 3014 867 3058 nomen
892 2992 1048 3078 imposuit.
1094 2993 1155 3076 Qui
1182 3017 1254 3060 curu
1281 2993 1385 3059 adole·

289 3093 393 3174 risset,
411 3094 490 3160 adeo
507 3101 652 3160 strennus
659 3091 786 3179 juvenis
811 3091 941 3159 effectus
966 3101 1023 3171 est,
1040 3103 1076 3159 ut
1102 3105 1134 3159 et
1159 3094 1383 3160 bellicossimns

288 3194 440 3274 extiterit,
466 3203 498 3260 et
512 3203 584 3281 post
598 3192 791 3279 Agelmundi
808 3193 911 3273 funus,
929 3194 1017 3279 regui
1031 3195 1241 3279 gubernacula
1254 3194 1382 3261 rexerit.

288 3292 409 3359 Ferunt
434 3294 619 3373 bernadum
645 3293 843 3379 Langobardi
868 3316 940 3359 cum
962 3316 1035 3380 rege
1049 3316 1104 3360 suo
1122 3295 1183 3361 iter
1198 3304 1327 3381 agentes
1340 3294 1383 3360 ad

285 3396 443 3478 quendam
457 3392 587 3460 flurium
603 3396 825 3479 pervenissent,
843 3402 876 3458 et
890 3394 932 3459 ab
947 3395 1162 3461 Amazonibus
1184 3404 1289 3461 essent
1312 3418 1382 3481 pro-

286 3494 379 3561 hibiti
399 3496 485 3562 ultra
505 3516 675 3581 permeare,
693 3515 764 3559 cum
786 3516 894 3559 earum
915 3494 1085 3560 fortissima
1105 3495 1139 3560 in
1159 3494 1254 3561 durio
1269 3504 1381 3561 natatu

284 3618 448 3683 pugnasse,
474 3616 604 3679 eamque
629 3593 802 3679 peremisse,
825 3594 944 3679 sibique
969 3594 1071 3660 laudis
1091 3596 1232 3681 gloriam,
1256 3595 1382 3681 Longo·

285 3695 389 3763 bardis
405 3718 527 3781 quoque
541 3694 708 3759 transitum
722 3694 897 3779 paravisse:
922 3695 981 3759 hoc
1003 3695 1154 3780 siqnidem
1176 3697 1259 3762 inter
1279 3706 1380 3761 utras-

283 3819 344 3881 que
368 3799 450 3863 acies
473 3795 559 3883 prius
586 3793 772 3870 constitisse,
794 3806 947 3879 quatenus
972 3794 998 3861 si
1013 3796 1178 3860 Amazona
1191 3796 1301 3861 eadem
1319 3796 1380 3861 La·

284 3896 460 3963 missionem
486 3903 655 3983 superaret,
682 3895 880 3981 Langobardi
905 3919 926 3960 a
951 3893 1077 3960 flumine
1106 3897 1307 3971 recederent;
1332 3898 1378 3961 sin

285 4020 357 4063 roro
380 4020 400 4063 a
425 3997 627 4073 anissione,
641 4004 678 4060 ut
702 4004 734 4061 et
757 3996 876 4061 factum
897 4004 955 4073 est,
971 3995 1039 4082 ipsa
1053 3996 1238 4074 vinceretur,
1256 3996 1379 4082 Longo·

281 4098 387 4164 bardis
411 4098 521 4163 eadem
548 4096 727 4183 permeandi
751 4093 868 4161 fluenta
892 4096 981 4181 copia
1004 4097 1202 4182 preberetur.
1247 4097 1380 4163 Constat

280 4220 355 4264 sane
377 4199 450 4284 qnia
471 4195 564 4285 hujus
587 4197 766 4263 assertionis
787 4197 881 4262 series
903 4195 1006 4262 miuus
1020 4197 1145 4262 veritati
1167 4197 1303 4263 subnixa
1319 4206 1377 4265 est.

282 4299 435 4366 Omnibus
460 4298 585 4376 etenim,
614 4297 726 4382 quibus
750 4304 871 4363 veteres
896 4297 1033 4363 historia
1058 4304 1143 4362 notae
1170 4305 1254 4377 sunt,
1281 4307 1380 4384 patet,

279 4409 404 4486 gentem
431 4401 640 4466 Amazonum*
653 4398 745 4484 longe
767 4403 870 4475 antea,
897 4420 989 4482 qnam
1013 4396 1080 4462 haro
1107 4395 1174 4464 lieri
1198 4406 1379 4483 potuerunt,
