3202 5076
298 429 398 499 lxviii
575 441 856 499 renouentur
882 440 936 505 or,
955 442 1122 499 uacuus

297 605 446 673 simulata
486 605 640 672 Gaesarem
682 603 832 681 amicitia,
877 604 960 689 quod
1001 607 1175 670 exercitum
1214 606 1247 671 in
1278 600 1394 677 ‚Gallia

299 707 427 781 habeat,
455 707 503 771 sui
537 705 731 791 opprimendi
761 726 871 771 caussa
899 705 1024 770 habere.
1069 706 1131 788 Qui
1166 705 1225 771 nisi
1260 704 1394 771 decedat

300 817 394 891 atque
417 805 590 871 exercitum
616 804 752 870 deducat
779 828 819 870 ex
841 805 890 870 his
916 805 1101 891 regionibus,
1127 829 1194 872 sese
1217 805 1305 871 illum
1330 828 1394 870 non

300 930 357 992 pro
382 907 494 984 amico,
517 906 573 971 sed
598 928 655 991 pro
676 906 765 971 hoste
789 905 991 970 habiturum:
1031 906 1114 992 quod
1140 906 1166 972 si
1201 929 1274 971 eum
1299 906 1395 970 iuter·

299 1008 419 1086 fecerit,
455 1005 562 1072 multis
587 1028 654 1072 sese
675 1005 830 1071 nobilibus
860 1005 1109 1091 principibusque
1130 1007 1236 1092 populi
1258 1004 1394 1071 Romani

298 1116 427 1194 gratum
451 1130 518 1173 esse
541 1106 717 1171 facturum:
755 1105 788 1169 id
815 1128 849 1171 se
885 1105 926 1170 ab
948 1106 1023 1192 ipsis
1046 1129 1102 1192 per
1134 1129 1241 1172 eorum
1264 1106 1394 1171 nuncios

300 1215 494 1294 compertum
519 1206 644 1284 habere,
671 1228 802 1290 quorum
826 1206 964 1271 omnium
990 1208 1124 1291 gratiam
1157 1214 1252 1291 atque
1287 1205 1395 1271 amici-

302 1308 381 1374 tiam
405 1305 471 1395 ejus
495 1314 596 1372 morte
618 1307 771 1371 redimere
806 1314 922 1392 posset.
974 1306 1066 1388 Quod
1093 1308 1119 1373 si
1144 1306 1325 1372 decessisset
1360 1313 1396 1372 et*

299 1407 429 1474 liberam
471 1407 693 1494 possessionem
742 1405 854 1472 Galliae
892 1406 951 1472 sibi
986 1406 1174 1487 tradidisset,
1211 1429 1326 1493 magno
1360 1429 1397 1473 se

302 1509 390 1573 illum
404 1509 531 1594 praemio
546 1514 815 1573 remuneraturum
838 1514 879 1586 et,
896 1529 1096 1592 quacumque
1110 1507 1191 1573 bella
1205 1507 1271 1593 geri
1290 1507 1392 1584 vellet,

300 1609 366 1675 sine
383 1609 448 1674 ullo
462 1607 528 1695 ejus
542 1607 646 1673 labore
663 1616 696 1672 et
711 1606 845 1692 periculo
860 1607 1102 1674 confecturum.”

347 1709 461 1776 va.
487 1707 593 1774 Multa
613 1707 654 1772 ab
679 1706 800 1772 Oaesare
822 1707 854 1771 in
876 1730 946 1773 eam
975 1709 1163 1774 sententiam
1191 1706 1277 1773 dicta
1307 1714 1399 1786 sunt,-

303 1832 397 1894 quare
419 1805 558 1894 negotio'
571 1807 719 1873 desistere
740 1829 802 1872 uon
827 1817 941 1893 posset,
968 1815 1000 1873 et
1015 1814 1036 1844 “
1046 1830 1145 1893 neque
1166 1830 1267 1883 suam,
1292 1830 1399 1892 neque

302 1909 408 1995 populi
424 1907 558 1974 Romani
572 1906 825 1973 consuetudinem
840 1908 917 1994 pati,
933 1908 981 1973 uti
1006 1908 1123 1994 optime
1145 1908 1273 1974 meritos
1293 1908 1393 1974 socios

302 2008 480 2075 desereret:
509 2031 608 2093 neque
629 2030 661 2074 se
680 2005 833 2094 judicare,
850 2007 985 2073 Galliam
1008 2010 1112 2094 potius
1135 2031 1202 2075 esse
1228 2007 1391 2085 Ariouisti,

303 2132 396 2193 qnam
405 2109 511 2195 populi
525 2107 671 2173 Romani.
697 2107 785 2173 Bello
796 2110 1199 2195 superatosesseArvemos
1209 2118 1241 2174 et
1252 2110 1398 2179 Rutenos

302 2210 343 2274 ab
375 2210 413 2292 Q.
439 2209 539 2274 Fabio
561 2207 716 2285 Maximo,
738 2209 849 2294 quibus
869 2209 1001 2296 populus
1020 2210 1181 2275 Romanus
1212 2206 1397 2295 ignovisset,¹

302 2333 401 2395 nequo
419 2310 450 2374 iu
465 2309 657 2397 provinciam
669 2309 850 2396 redegisset,
868 2332 968 2394 neque
984 2309 1173 2396 stipendium
1183 2309 1395 2394 imposuisset.

303 2410 395 2492 Quod
427 2410 453 2476 si
483 2409 732 2494 antiquissimum
753 2410 896 2495 quodque
919 2418 1043 2496 tempus
1066 2410 1198 2495 spectari
1224 2416 1392 2494 oporteret,

301 2511 408 2599 populi
421 2511 555 2576 Romani
573 2507 782 2596 justissimum
804 2534 869 2576 esse
891 2511 924 2575 in
945 2509 1047 2575 Gallia
1063 2509 1245 2596 imperium:
1269 2509 1296 2575 si
1305 2506 1394 2596 judi-

301 2613 385 2678 cium
401 2618 528 2678 senatus
540 2611 695 2677 observari
710 2619 876 2696 oporteret,
892 2610 1022 2675 liberam
1037 2611 1149 2676 debere
1161 2633 1227 2677 esse
1245 2608 1400 2688 Gallium,¹

303 2736 397 2799 quam
413 2712 494 2777 bello
511 2711 626 2777 victam
640 2711 703 2776 suis
720 2711 840 2796 legibus
853 2710 901 2775 uti
917 2710 1094 2777 voluisset.”

347 2812 479 2878 XLVI.
509 2810 596 2876 Dum
632 2811 698 2874 haec
727 2809 761 2874 in
792 2810 944 2896 colloquio
973 2821 1134 2897 geruntur,
1167 2810 1281 2878 Oresari
1310 2834 1394 2876 uuu-

304 2915 420 2980 ciatum
445 2920 503 2989 est,
533 2909 653 2994 equites
676 2909 828 2976 Ariovisti
853 2912 979 2997 propius
1003 2911 1160 2978 tumulum
1186 2911 1333 2977 accedere
1361 2921 1400 2977 et·

303 3013 489 3079 adnostros
512 3009 702 3095 adequitare,
729 3010 848 3097 lapides
875 3012 998 3097 telaque
1022 3013 1055 3077 iu
1083 3014 1205 3078 nostros
1232 3009 1393 3099 conjicere.

304 3112 409 3180 Oresar
422 3110 568 3195 loquendi
583 3108 676 3175 finem
697 3110 772 3177 fecit
793 3135 887 3196 seque
911 3112 952 3176 ad
977 3135 1050 3178 suos
1066 3112 1183 3198 recepit
1197 3112 1319 3199 suisque
1334 3113 1394 3177 im-

305 3212 436 3299 perarit,
463 3236 502 3276 ne
528 3211 611 3295 quod
636 3211 762 3276 omnino
781 3213 878 3277 telum
904 3213 938 3277 in
961 3213 1067 3278 hostes
1092 3212 1266 3299 rejicerent.
1310 3212 1393 3278 Nam

305 3312 365 3378 etsi
378 3312 445 3379 sine
458 3312 522 3376 ullo
549 3311 685 3398 periculo
706 3311 835 3398 legionis
856 3312 984 3378 delectae
999 3335 1071 3378 cum
1084 3313 1227 3398 equitatu
1253 3314 1394 3399 proelium

304 3415 369 3481 fore
395 3412 544 3486 ridebat;
568 3420 674 3477 tamen
697 3412 954 3478 committendum
978 3435 1040 3477 uon
1068 3413 1211 3500 putabat,
1236 3422 1283 3492 ut,
1300 3413 1397 3500 pulsis

305 3513 457 3591 hostibus,
473 3512 536 3577 dici
555 3521 670 3597 posset,
687 3534 741 3578 eos
758 3513 800 3578 ab
816 3535 850 3578 se
864 3536 919 3600 per
934 3511 1028 3578 fidem
1041 3513 1075 3578 in
1089 3513 1239 3598 colloquio
1263 3514 1395 3578 circnm-

307 3622 426 3680 ventos.
472 3612 683 3697 Posteaquam
717 3612 751 3677 in
776 3613 888 3699 vulgus
923 3613 1059 3679 militum
1098 3613 1217 3679 elatum
1249 3622 1307 3690 est,
1332 3635 1395 3697 qua

306 3713 492 3801 adrogantia
506 3713 539 3778 in
563 3712 714 3797 colloquio
729 3713 908 3780 Ariovistus
928 3737 1003 3780 usus
1024 3714 1108 3779 omni
1126 3712 1229 3779 Gallia
1244 3711 1396 3778 Romanis

305 3814 527 3889 interdixisset,
556 3811 769 3899 impetumque
797 3814 830 3878 in
858 3822 980 3880 nostros
1009 3812 1077 3900 ejus
1109 3811 1222 3898 equitis
1252 3811 1397 3878 iecissent

307 3937 405 3999 eaque
427 3937 477 3981 res
500 3913 687 3997 colloquium
711 3923 748 3979 ut
776 3913 970 3980 diremisset:
999 3914 1099 3979 multo
1123 3909 1224 3998 major
1252 3912 1398 3979 alacritas

305 4015 506 4099 studiumque
520 4012 679 4100 pugnandi
693 4010 795 4100 majus
809 4014 949 4080 exercitu
962 4011 1110 4099 injectum
1126 4021 1184 4079 est.

352 4114 503 4180 XLVII.
541 4113 644 4179 Biduo
677 4122 748 4199 post
779 4113 957 4180 Ariovistus
1000 4113 1042 4179 ad
1084 4112 1239 4179 Gaesarem
1280 4114 1401 4200 legatos

305 4215 417 4293 mittit,
434 4214 511 4279 velle
534 4236 568 4280 se
585 4212 624 4278 de
641 4214 690 4280 his
711 4214 812 4292 rebus,
828 4236 896 4298 qum
919 4214 1000 4278 inter
1016 4236 1069 4279 eos
1089 4213 1141 4301 agi
1164 4221 1281 4300 coepta,
1299 4236 1399 4299 neque

308 4315 455 4403 perfectae
471 4322 586 4393 essent,
605 4336 698 4401 agere
712 4336 785 4380 cum
800 4336 852 4379 eo:
874 4313 923 4379 uti
949 4322 1005 4380 aut
1019 4314 1134 4380 iterum
1149 4314 1301 4399 colloquio
1316 4314 1404 4379 dieru-

307 4416 532 4496 antitanes,
555 4414 665 4495 uutsi
689 4414 723 4482 id
748 4415 851 4482 minus
864 4414 970 4496 uellet,
986 4437 1026 4481 ex
1050 4415 1114 4483 suis
1139 4415 1251 4502 legatis
1266 4416 1400 4500 aliquem
