<?xml version="1.0" encoding="UTF-8"?>
<!DOCTYPE html PUBLIC "-//W3C//DTD XHTML 1.0 Transitional//EN"
    "http://www.w3.org/TR/xhtml1/DTD/xhtml1-transitional.dtd">
<html xmlns="http://www.w3.org/1999/xhtml" xml:lang="en" lang="en">
 <head>
  <title>
</title>
<meta http-equiv="Content-Type" content="text/html;charset=utf-8" />
  <meta name='ocr-system' content='tesseract 3.04.00' />
  <meta name='ocr-capabilities' content='ocr_page ocr_carea ocr_par ocr_line ocrx_word'/>
</head>
<body>
  <div class='ocr_page' id='page_1' title='image "./germaniatacitus02lathgoog/germaniatacitus02lathgoog_0232.png"; bbox 0 0 3264 5086; ppageno 0'>
   <div class='ocr_carea' id='block_1_1' title="bbox 521 421 1336 492">
    <p class='ocr_par' dir='ltr' id='par_1_1' title="bbox 521 421 1336 492">
     <span class='ocr_line' id='line_1_1' title="bbox 521 421 1336 492; baseline 0.002 -2"><span class='ocrx_word' id='word_1_1' title='bbox 521 434 642 490; x_wconf 83' lang='lat' dir='ltr'><strong>noras</strong></span> <span class='ocrx_word' id='word_1_2' title='bbox 668 434 720 491; x_wconf 81' lang='lat' dir='ltr'><strong>on</strong></span> <span class='ocrx_word' id='word_1_3' title='bbox 746 432 907 490; x_wconf 79' lang='lat' dir='ltr'><strong>saonen</strong></span> <span class='ocrx_word' id='word_1_4' title='bbox 932 434 1065 489; x_wconf 83' lang='lat' dir='ltr'><strong>xnvnr.</strong></span> <span class='ocrx_word' id='word_1_5' title='bbox 1287 421 1336 492; x_wconf 83' lang='grc'><strong>89</strong></span> 
     </span>
    </p>
   </div>
   <div class='ocr_carea' id='block_1_2' title="bbox 236 588 1335 2518">
    <p class='ocr_par' dir='ltr' id='par_1_2' title="bbox 244 588 1335 942">
     <span class='ocr_line' id='line_1_2' title="bbox 244 588 1334 669; baseline 0.002 -21"><span class='ocrx_word' id='word_1_6' title='bbox 244 589 387 668; x_wconf 89' lang='lat' dir='ltr'><strong>recipiunt</strong></span> <span class='ocrx_word' id='word_1_7' title='bbox 407 597 437 649; x_wconf 91' lang='lat' dir='ltr'><strong>et</strong></span> <span class='ocrx_word' id='word_1_8' title='bbox 459 589 662 662; x_wconf 87' lang='lat' dir='ltr'><strong>demonstrant,</strong></span> <span class='ocrx_word' id='word_1_9' title='bbox 675 589 732 649; x_wconf 88' lang='lat' dir='ltr'><strong>sibi</strong></span> <span class='ocrx_word' id='word_1_10' title='bbox 744 594 852 669; x_wconf 78' lang='lat' dir='ltr'><strong>praete‘r</strong></span> <span class='ocrx_word' id='word_1_11' title='bbox 872 588 933 667; x_wconf 92' lang='lat' dir='ltr'><strong>agri</strong></span> <span class='ocrx_word' id='word_1_12' title='bbox 952 590 1043 649; x_wconf 90' lang='lat' dir='ltr'><strong>solum</strong></span> <span class='ocrx_word' id='word_1_13' title='bbox 1063 589 1138 648; x_wconf 84' lang='lat' dir='ltr'>nihil</span> <span class='ocrx_word' id='word_1_14' title='bbox 1152 608 1210 649; x_wconf 85' lang='lat' dir='ltr'><strong>esse</strong></span> <span class='ocrx_word' id='word_1_15' title='bbox 1223 590 1334 668; x_wconf 85' lang='lat' dir='ltr'><strong>reliqui.</strong></span> 
     </span>
     <span class='ocr_line' id='line_1_3' title="bbox 245 686 1335 766; baseline 0.002 -20"><span class='ocrx_word' id='word_1_16' title='bbox 245 686 355 758; x_wconf 83' lang='lat' dir='ltr'><strong>Quibus</strong></span> <span class='ocrx_word' id='word_1_17' title='bbox 374 688 458 747; x_wconf 87' lang='lat' dir='ltr'><strong>rebus</strong></span> <span class='ocrx_word' id='word_1_18' title='bbox 478 687 619 746; x_wconf 91' lang='lat' dir='ltr'><strong>adductus</strong></span> <span class='ocrx_word' id='word_1_19' title='bbox 632 687 731 760; x_wconf 72' lang='lat' dir='ltr'><strong>(iasar,</strong></span> <span class='ocrx_word' id='word_1_20' title='bbox 746 707 804 746; x_wconf 92' lang='lat' dir='ltr'><strong>non</strong></span> <span class='ocrx_word' id='word_1_21' title='bbox 823 688 1045 766; x_wconf 71' lang='lat' dir='ltr'><strong>exspectandum</strong></span> <span class='ocrx_word' id='word_1_22' title='bbox 1059 688 1114 747; x_wconf 89' lang='lat' dir='ltr'><strong>sibi</strong></span> <span class='ocrx_word' id='word_1_23' title='bbox 1131 689 1242 761; x_wconf 76' lang='lat' dir='ltr'><strong>statuit,</strong></span> <span class='ocrx_word' id='word_1_24' title='bbox 1257 688 1335 762; x_wconf 88' lang='lat' dir='ltr'><strong>dum,</strong></span> 
     </span>
     <span class='ocr_line' id='line_1_4' title="bbox 244 783 1335 865; baseline 0.001 -22"><span class='ocrx_word' id='word_1_25' title='bbox 244 785 376 844; x_wconf 89' lang='lat' dir='ltr'><strong>omnibus</strong></span> <span class='ocrx_word' id='word_1_26' title='bbox 398 784 521 844; x_wconf 84' lang='lat' dir='ltr'><strong>fortunis</strong></span> <span class='ocrx_word' id='word_1_27' title='bbox 545 786 685 844; x_wconf 89' lang='lat' dir='ltr'><strong>sociorum</strong></span> <span class='ocrx_word' id='word_1_28' title='bbox 712 785 876 858; x_wconf 87' lang='lat' dir='ltr'><strong>consumtis,</strong></span> <span class='ocrx_word' id='word_1_29' title='bbox 900 785 931 843; x_wconf 93' lang='lat' dir='ltr'><strong>iu</strong></span> <span class='ocrx_word' id='word_1_30' title='bbox 956 783 1095 844; x_wconf 87' lang='lat' dir='ltr'><strong>Santonos</strong></span> <span class='ocrx_word' id='word_1_31' title='bbox 1120 784 1248 845; x_wconf 82' lang='lat' dir='ltr'><strong>Helvetii</strong></span> <span class='ocrx_word' id='word_1_32' title='bbox 1271 805 1335 865; x_wconf 88' lang='lat' dir='ltr'><strong>per·</strong></span> 
     </span>
     <span class='ocr_line' id='line_1_5' title="bbox 245 882 381 942; baseline 0.007 -1"><span class='ocrx_word' id='word_1_33' title='bbox 245 882 381 942; x_wconf 85' lang='lat' dir='ltr'><strong>venirent</strong></span> 
     </span>
    </p>

    <p class='ocr_par' dir='ltr' id='par_1_3' title="bbox 236 977 1334 2518">
     <span class='ocr_line' id='line_1_6' title="bbox 285 977 1333 1058; baseline 0.001 -20"><span class='ocrx_word' id='word_1_34' title='bbox 285 977 356 1039; x_wconf 87' lang='lat' dir='ltr'><strong>XIL</strong></span> <span class='ocrx_word' id='word_1_35' title='bbox 378 978 498 1040; x_wconf 75' lang='lat' dir='ltr'><strong>I&#39;lumeu</strong></span> <span class='ocrx_word' id='word_1_36' title='bbox 517 986 560 1039; x_wconf 87' lang='lat' dir='ltr'><strong>eat</strong></span> <span class='ocrx_word' id='word_1_37' title='bbox 574 980 655 1053; x_wconf 83' lang='lat' dir='ltr'><strong>Arar,</strong></span> <span class='ocrx_word' id='word_1_38' title='bbox 670 980 745 1057; x_wconf 92' lang='lat' dir='ltr'><strong>quod</strong></span> <span class='ocrx_word' id='word_1_39' title='bbox 758 1000 810 1058; x_wconf 89' lang='lat' dir='ltr'><strong>per</strong></span> <span class='ocrx_word' id='word_1_40' title='bbox 821 979 891 1039; x_wconf 84' lang='lat' dir='ltr'><strong>lines</strong></span> <span class='ocrx_word' id='word_1_41' title='bbox 906 979 1066 1038; x_wconf 79' lang='lat' dir='ltr'><strong>AEduorum</strong></span> <span class='ocrx_word' id='word_1_42' title='bbox 1086 986 1115 1039; x_wconf 87' lang='lat' dir='ltr'><strong>et</strong></span> <span class='ocrx_word' id='word_1_43' title='bbox 1137 979 1333 1058; x_wconf 77' lang='lat' dir='ltr'>Sequanorum</span> 
     </span>
     <span class='ocr_line' id='line_1_7' title="bbox 244 1075 1332 1149; baseline 0.002 -14"><span class='ocrx_word' id='word_1_44' title='bbox 244 1077 275 1135; x_wconf 93' lang='lat' dir='ltr'><strong>iu</strong></span> <span class='ocrx_word' id='word_1_45' title='bbox 299 1075 470 1136; x_wconf 75' lang='lat' dir='ltr'><strong>Rhodanum</strong></span> <span class='ocrx_word' id='word_1_46' title='bbox 492 1077 591 1136; x_wconf 82' lang='lat' dir='ltr'><strong>induit</strong></span> <span class='ocrx_word' id='word_1_47' title='bbox 614 1077 776 1136; x_wconf 81' lang='lat' dir='ltr'><strong>incredibili</strong></span> <span class='ocrx_word' id='word_1_48' title='bbox 800 1077 927 1149; x_wconf 90' lang='lat' dir='ltr'><strong>lenitate,</strong></span> <span class='ocrx_word' id='word_1_49' title='bbox 949 1077 991 1136; x_wconf 91' lang='lat' dir='ltr'><strong>ita</strong></span> <span class='ocrx_word' id='word_1_50' title='bbox 1011 1085 1045 1135; x_wconf 91' lang='lat' dir='ltr'><strong>ut</strong></span> <span class='ocrx_word' id='word_1_51' title='bbox 1068 1077 1166 1147; x_wconf 89' lang='lat' dir='ltr'><strong>oculis,</strong></span> <span class='ocrx_word' id='word_1_52' title='bbox 1188 1078 1219 1136; x_wconf 93' lang='lat' dir='ltr'><strong>iu</strong></span> <span class='ocrx_word' id='word_1_53' title='bbox 1236 1085 1332 1137; x_wconf 89' lang='lat' dir='ltr'><strong>utram</strong></span> 
     </span>
     <span class='ocr_line' id='line_1_8' title="bbox 243 1172 1333 1253; baseline 0.001 -20"><span class='ocrx_word' id='word_1_54' title='bbox 243 1180 353 1251; x_wconf 91' lang='lat' dir='ltr'><strong>partem</strong></span> <span class='ocrx_word' id='word_1_55' title='bbox 366 1174 447 1245; x_wconf 86' lang='lat' dir='ltr'><strong>fluat,</strong></span> <span class='ocrx_word' id='word_1_56' title='bbox 457 1174 583 1252; x_wconf 90' lang='lat' dir='ltr'><strong>judicari</strong></span> <span class='ocrx_word' id='word_1_57' title='bbox 593 1194 650 1234; x_wconf 92' lang='lat' dir='ltr'><strong>non</strong></span> <span class='ocrx_word' id='word_1_58' title='bbox 668 1174 768 1253; x_wconf 88' lang='lat' dir='ltr'><strong>possit.</strong></span> <span class='ocrx_word' id='word_1_59' title='bbox 808 1173 844 1232; x_wconf 92' lang='lat' dir='ltr'><strong>Id</strong></span> <span class='ocrx_word' id='word_1_60' title='bbox 866 1172 992 1233; x_wconf 83' lang='lat' dir='ltr'><strong>Helvetii</strong></span> <span class='ocrx_word' id='word_1_61' title='bbox 1014 1174 1125 1233; x_wconf 86' lang='lat' dir='ltr'><strong>ratibus</strong></span> <span class='ocrx_word' id='word_1_62' title='bbox 1142 1194 1176 1234; x_wconf 89' lang='lat' dir='ltr'><strong>ac</strong></span> <span class='ocrx_word' id='word_1_63' title='bbox 1195 1175 1333 1234; x_wconf 72' lang='lat' dir='ltr'><strong>lintribus</strong></span> 
     </span>
     <span class='ocr_line' id='line_1_9' title="bbox 238 1270 1334 1350; baseline 0.003 -21"><span class='ocrx_word' id='word_1_64' title='bbox 238 1270 348 1348; x_wconf 89' lang='lat' dir='ltr'><strong>junctis</strong></span> <span class='ocrx_word' id='word_1_65' title='bbox 358 1272 526 1331; x_wconf 85' lang='lat' dir='ltr'><strong>transibant</strong></span> <span class='ocrx_word' id='word_1_66' title='bbox 569 1271 627 1331; x_wconf 90' lang='lat' dir='ltr'><strong>Ubi</strong></span> <span class='ocrx_word' id='word_1_67' title='bbox 642 1291 692 1350; x_wconf 87' lang='lat' dir='ltr'><strong>per</strong></span> <span class='ocrx_word' id='word_1_68' title='bbox 701 1271 892 1350; x_wconf 73' lang='lat' dir='ltr'><strong>exploratores</strong></span> <span class='ocrx_word' id='word_1_69' title='bbox 902 1270 994 1330; x_wconf 79' lang='lat' dir='ltr'><strong>llaesar</strong></span> <span class='ocrx_word' id='word_1_70' title='bbox 1003 1271 1108 1332; x_wconf 89' lang='lat' dir='ltr'><strong>certior</strong></span> <span class='ocrx_word' id='word_1_71' title='bbox 1116 1271 1207 1331; x_wconf 81' lang='lat' dir='ltr'><strong>factm</strong></span> <span class='ocrx_word' id='word_1_72' title='bbox 1218 1278 1267 1345; x_wconf 86' lang='lat' dir='ltr'><strong>eat,</strong></span> <span class='ocrx_word' id='word_1_73' title='bbox 1276 1280 1334 1332; x_wconf 86' lang='lat' dir='ltr'><strong>tres</strong></span> 
     </span>
     <span class='ocr_line' id='line_1_10' title="bbox 238 1368 1331 1449; baseline -0.001 -21"><span class='ocrx_word' id='word_1_74' title='bbox 238 1368 300 1446; x_wconf 91' lang='lat' dir='ltr'><strong>jam</strong></span> <span class='ocrx_word' id='word_1_75' title='bbox 326 1370 472 1449; x_wconf 88' lang='lat' dir='ltr'><strong>copiarum</strong></span> <span class='ocrx_word' id='word_1_76' title='bbox 496 1375 591 1448; x_wconf 85' lang='lat' dir='ltr'><strong>partes</strong></span> <span class='ocrx_word' id='word_1_77' title='bbox 618 1369 764 1429; x_wconf 81' lang='lat' dir='ltr'><strong>Helvetios</strong></span> <span class='ocrx_word' id='word_1_78' title='bbox 787 1368 817 1427; x_wconf 93' lang='lat' dir='ltr'><strong>id</strong></span> <span class='ocrx_word' id='word_1_79' title='bbox 841 1369 947 1428; x_wconf 85' lang='lat' dir='ltr'><strong>fiumen</strong></span> <span class='ocrx_word' id='word_1_80' title='bbox 971 1368 1174 1442; x_wconf 82' lang='lat' dir='ltr'><strong>transduxisse,</strong></span> <span class='ocrx_word' id='word_1_81' title='bbox 1198 1377 1331 1446; x_wconf 87' lang='lat' dir='ltr'><strong>quartam</strong></span> 
     </span>
     <span class='ocr_line' id='line_1_11' title="bbox 242 1465 1332 1544; baseline 0.001 -18"><span class='ocrx_word' id='word_1_82' title='bbox 242 1485 308 1526; x_wconf 75' lang='lat' dir='ltr'><strong>uero</strong></span> <span class='ocrx_word' id='word_1_83' title='bbox 329 1473 439 1544; x_wconf 86' lang='lat' dir='ltr'><strong>purtem</strong></span> <span class='ocrx_word' id='word_1_84' title='bbox 457 1467 530 1526; x_wconf 91' lang='lat' dir='ltr'><strong>citra</strong></span> <span class='ocrx_word' id='word_1_85' title='bbox 549 1466 656 1526; x_wconf 86' lang='lat' dir='ltr'><strong>flumen</strong></span> <span class='ocrx_word' id='word_1_86' title='bbox 677 1466 791 1526; x_wconf 85' lang='lat' dir='ltr'><strong>Ararim</strong></span> <span class='ocrx_word' id='word_1_87' title='bbox 813 1466 952 1543; x_wconf 85' lang='lat' dir='ltr'><strong>reliquam</strong></span> <span class='ocrx_word' id='word_1_88' title='bbox 973 1485 1051 1525; x_wconf 86' lang='lat' dir='ltr'><strong>ease:</strong></span> <span class='ocrx_word' id='word_1_89' title='bbox 1072 1465 1107 1524; x_wconf 89' lang='lat' dir='ltr'><strong>de</strong></span> <span class='ocrx_word' id='word_1_90' title='bbox 1127 1465 1213 1524; x_wconf 91' lang='lat' dir='ltr'><strong>tertia</strong></span> <span class='ocrx_word' id='word_1_91' title='bbox 1230 1465 1332 1543; x_wconf 81' lang='lat' dir='ltr'><strong>vigilia</strong></span> 
     </span>
     <span class='ocr_line' id='line_1_12' title="bbox 241 1562 1329 1643; baseline -0.001 -20"><span class='ocrx_word' id='word_1_92' title='bbox 241 1583 307 1623; x_wconf 89' lang='lat' dir='ltr'><strong>cum</strong></span> <span class='ocrx_word' id='word_1_93' title='bbox 328 1564 488 1641; x_wconf 78' lang='lat' dir='ltr'><strong>legionibus</strong></span> <span class='ocrx_word' id='word_1_94' title='bbox 510 1563 604 1623; x_wconf 87' lang='lat' dir='ltr'><strong>tribus</strong></span> <span class='ocrx_word' id='word_1_95' title='bbox 617 1584 633 1622; x_wconf 90' lang='lat' dir='ltr'><strong>e</strong></span> <span class='ocrx_word' id='word_1_96' title='bbox 645 1564 745 1623; x_wconf 87' lang='lat' dir='ltr'><strong>castris</strong></span> <span class='ocrx_word' id='word_1_97' title='bbox 766 1562 917 1643; x_wconf 81' lang='lat' dir='ltr'><strong>profectus,</strong></span> <span class='ocrx_word' id='word_1_98' title='bbox 930 1563 968 1623; x_wconf 92' lang='lat' dir='ltr'><strong>ad</strong></span> <span class='ocrx_word' id='word_1_99' title='bbox 981 1582 1042 1623; x_wconf 86' lang='lat' dir='ltr'><strong>eam</strong></span> <span class='ocrx_word' id='word_1_100' title='bbox 1062 1569 1172 1641; x_wconf 88' lang='lat' dir='ltr'><strong>partem</strong></span> <span class='ocrx_word' id='word_1_101' title='bbox 1191 1564 1329 1641; x_wconf 84' lang='lat' dir='ltr'><strong>pervenit,</strong></span> 
     </span>
     <span class='ocr_line' id='line_1_13' title="bbox 241 1660 1330 1739; baseline 0.001 -20"><span class='ocrx_word' id='word_1_102' title='bbox 241 1680 304 1738; x_wconf 83' lang='lat' dir='ltr'><strong>qure</strong></span> <span class='ocrx_word' id='word_1_103' title='bbox 331 1660 459 1720; x_wconf 92' lang='lat' dir='ltr'><strong>nondum</strong></span> <span class='ocrx_word' id='word_1_104' title='bbox 485 1661 592 1721; x_wconf 90' lang='lat' dir='ltr'><strong>flumen</strong></span> <span class='ocrx_word' id='word_1_105' title='bbox 626 1661 785 1721; x_wconf 84' lang='lat' dir='ltr'><strong>transierat</strong></span> <span class='ocrx_word' id='word_1_106' title='bbox 829 1660 884 1720; x_wconf 83' lang='lat' dir='ltr'><strong>llos</strong></span> <span class='ocrx_word' id='word_1_107' title='bbox 918 1660 1069 1739; x_wconf 86' lang='lat' dir='ltr'><strong>impeditos</strong></span> <span class='ocrx_word' id='word_1_108' title='bbox 1095 1673 1125 1719; x_wconf 90' lang='lat' dir='ltr'><strong>et</strong></span> <span class='ocrx_word' id='word_1_109' title='bbox 1149 1660 1330 1739; x_wconf 84' lang='lat' dir='ltr'><strong>inopinantes</strong></span> 
     </span>
     <span class='ocr_line' id='line_1_14' title="bbox 241 1757 1329 1836; baseline 0.001 -20"><span class='ocrx_word' id='word_1_110' title='bbox 241 1758 396 1835; x_wconf 86' lang='lat' dir='ltr'><strong>adgressus,</strong></span> <span class='ocrx_word' id='word_1_111' title='bbox 409 1778 542 1836; x_wconf 91' lang='lat' dir='ltr'><strong>maguam</strong></span> <span class='ocrx_word' id='word_1_112' title='bbox 556 1778 653 1818; x_wconf 90' lang='lat' dir='ltr'><strong>eorum</strong></span> <span class='ocrx_word' id='word_1_113' title='bbox 671 1766 782 1836; x_wconf 84' lang='lat' dir='ltr'><strong>partam</strong></span> <span class='ocrx_word' id='word_1_114' title='bbox 803 1759 945 1818; x_wconf 79' lang='lat' dir='ltr'><strong>concidit:</strong></span> <span class='ocrx_word' id='word_1_115' title='bbox 967 1757 1071 1835; x_wconf 87' lang='lat' dir='ltr'><strong>reliqui</strong></span> <span class='ocrx_word' id='word_1_116' title='bbox 1089 1757 1164 1836; x_wconf 73' lang='lat' dir='ltr'><strong>fuges</strong></span> <span class='ocrx_word' id='word_1_117' title='bbox 1177 1777 1236 1817; x_wconf 86' lang='lat' dir='ltr'><strong>sese</strong></span> <span class='ocrx_word' id='word_1_118' title='bbox 1248 1777 1329 1817; x_wconf 88' lang='lat' dir='ltr'><strong>man·</strong></span> 
     </span>
     <span class='ocr_line' id='line_1_15' title="bbox 240 1854 1329 1934; baseline 0 -20"><span class='ocrx_word' id='word_1_119' title='bbox 240 1855 346 1915; x_wconf 85' lang='lat' dir='ltr'><strong>darunt</strong></span> <span class='ocrx_word' id='word_1_120' title='bbox 359 1862 446 1934; x_wconf 90' lang='lat' dir='ltr'><strong>atque</strong></span> <span class='ocrx_word' id='word_1_121' title='bbox 458 1856 490 1914; x_wconf 94' lang='lat' dir='ltr'><strong>in</strong></span> <span class='ocrx_word' id='word_1_122' title='bbox 504 1856 648 1934; x_wconf 80' lang='lat' dir='ltr'><strong>proximas</strong></span> <span class='ocrx_word' id='word_1_123' title='bbox 663 1856 748 1915; x_wconf 79' lang='lat' dir='ltr'><strong>silvas</strong></span> <span class='ocrx_word' id='word_1_124' title='bbox 760 1855 943 1916; x_wconf 85' lang='lat' dir='ltr'><strong>abdiderunt.</strong></span> <span class='ocrx_word' id='word_1_125' title='bbox 983 1854 1013 1913; x_wconf 92' lang='lat' dir='ltr'><strong>ls</strong></span> <span class='ocrx_word' id='word_1_126' title='bbox 1026 1875 1116 1933; x_wconf 87' lang='lat' dir='ltr'><strong>pagus</strong></span> <span class='ocrx_word' id='word_1_127' title='bbox 1129 1854 1329 1933; x_wconf 82' lang='lat' dir='ltr'><strong>adpellabetur</strong></span> 
     </span>
     <span class='ocr_line' id='line_1_16' title="bbox 240 1952 1326 2032; baseline 0 -20"><span class='ocrx_word' id='word_1_128' title='bbox 240 1952 418 2031; x_wconf 72' lang='lat' dir='ltr'><strong>ligurinus:</strong></span> <span class='ocrx_word' id='word_1_129' title='bbox 439 1972 506 2012; x_wconf 89' lang='lat' dir='ltr'><strong>nam</strong></span> <span class='ocrx_word' id='word_1_130' title='bbox 520 1954 611 2013; x_wconf 91' lang='lat' dir='ltr'><strong>omnis</strong></span> <span class='ocrx_word' id='word_1_131' title='bbox 625 1954 725 2012; x_wconf 80' lang='lat' dir='ltr'><strong>civitas</strong></span> <span class='ocrx_word' id='word_1_132' title='bbox 740 1952 874 2013; x_wconf 82' lang='lat' dir='ltr'><strong>Helvetia</strong></span> <span class='ocrx_word' id='word_1_133' title='bbox 887 1953 916 2011; x_wconf 94' lang='lat' dir='ltr'><strong>iu</strong></span> <span class='ocrx_word' id='word_1_134' title='bbox 931 1960 1054 2030; x_wconf 90' lang='lat' dir='ltr'><strong>quatuor</strong></span> <span class='ocrx_word' id='word_1_135' title='bbox 1068 1973 1154 2032; x_wconf 82' lang='lat' dir='ltr'><strong>pagos</strong></span> <span class='ocrx_word' id='word_1_136' title='bbox 1170 1952 1262 2013; x_wconf 82' lang='lat' dir='ltr'><strong>divisa</strong></span> <span class='ocrx_word' id='word_1_137' title='bbox 1274 1961 1326 2013; x_wconf 85' lang='lat' dir='ltr'><strong>est</strong></span> 
     </span>
     <span class='ocr_line' id='line_1_17' title="bbox 239 2049 1329 2129; baseline 0.003 -21"><span class='ocrx_word' id='word_1_138' title='bbox 239 2049 299 2108; x_wconf 89' lang='lat' dir='ltr'><strong>Hic</strong></span> <span class='ocrx_word' id='word_1_139' title='bbox 321 2069 410 2128; x_wconf 87' lang='lat' dir='ltr'><strong>pagus</strong></span> <span class='ocrx_word' id='word_1_140' title='bbox 433 2069 515 2122; x_wconf 89' lang='lat' dir='ltr'><strong>unus,</strong></span> <span class='ocrx_word' id='word_1_141' title='bbox 529 2070 619 2127; x_wconf 90' lang='lat' dir='ltr'><strong>quum</strong></span> <span class='ocrx_word' id='word_1_142' title='bbox 640 2050 723 2109; x_wconf 90' lang='lat' dir='ltr'><strong>domo</strong></span> <span class='ocrx_word' id='word_1_143' title='bbox 745 2051 857 2122; x_wconf 77' lang='lat' dir='ltr'><strong>exisset,</strong></span> <span class='ocrx_word' id='word_1_144' title='bbox 876 2057 991 2129; x_wconf 88' lang='lat' dir='ltr'><strong>patrum</strong></span> <span class='ocrx_word' id='word_1_145' title='bbox 1013 2057 1174 2109; x_wconf 88' lang='lat' dir='ltr'><strong>nostrorum</strong></span> <span class='ocrx_word' id='word_1_146' title='bbox 1192 2051 1329 2111; x_wconf 88' lang='lat' dir='ltr'><strong>memoria</strong></span> 
     </span>
     <span class='ocr_line' id='line_1_18' title="bbox 240 2145 1326 2226; baseline 0.002 -21"><span class='ocrx_word' id='word_1_147' title='bbox 240 2146 272 2205; x_wconf 82' lang='lat' dir='ltr'><strong>L·</strong></span> <span class='ocrx_word' id='word_1_148' title='bbox 286 2145 415 2205; x_wconf 81' lang='lat' dir='ltr'><strong>(lensium</strong></span> <span class='ocrx_word' id='word_1_149' title='bbox 440 2149 583 2206; x_wconf 89' lang='lat' dir='ltr'><strong>consulem</strong></span> <span class='ocrx_word' id='word_1_150' title='bbox 608 2147 788 2207; x_wconf 84' lang='lat' dir='ltr'><strong>interfecerat</strong></span> <span class='ocrx_word' id='word_1_151' title='bbox 814 2155 845 2206; x_wconf 88' lang='lat' dir='ltr'><strong>et</strong></span> <span class='ocrx_word' id='word_1_152' title='bbox 870 2147 931 2224; x_wconf 88' lang='lat' dir='ltr'><strong>ejus</strong></span> <span class='ocrx_word' id='word_1_153' title='bbox 958 2148 1115 2207; x_wconf 82' lang='lat' dir='ltr'><strong>exercitum</strong></span> <span class='ocrx_word' id='word_1_154' title='bbox 1142 2149 1196 2207; x_wconf 88' lang='lat' dir='ltr'><strong>sub</strong></span> <span class='ocrx_word' id='word_1_155' title='bbox 1220 2147 1326 2226; x_wconf 88' lang='lat' dir='ltr'><strong>jugum</strong></span> 
     </span>
     <span class='ocr_line' id='line_1_19' title="bbox 238 2243 1326 2322; baseline 0.001 -19"><span class='ocrx_word' id='word_1_156' title='bbox 238 2244 361 2303; x_wconf 82' lang='lat' dir='ltr'><strong>miserat</strong></span> <span class='ocrx_word' id='word_1_157' title='bbox 404 2243 459 2317; x_wconf 83' lang='lat' dir='ltr'><strong>Ita,</strong></span> <span class='ocrx_word' id='word_1_158' title='bbox 480 2245 539 2304; x_wconf 85' lang='lat' dir='ltr'><strong>sive</strong></span> <span class='ocrx_word' id='word_1_159' title='bbox 561 2264 635 2318; x_wconf 90' lang='lat' dir='ltr'><strong>casu,</strong></span> <span class='ocrx_word' id='word_1_160' title='bbox 658 2245 717 2303; x_wconf 81' lang='lat' dir='ltr'><strong>aire</strong></span> <span class='ocrx_word' id='word_1_161' title='bbox 740 2244 857 2304; x_wconf 87' lang='lat' dir='ltr'><strong>consilio</strong></span> <span class='ocrx_word' id='word_1_162' title='bbox 880 2243 997 2303; x_wconf 90' lang='lat' dir='ltr'><strong>deorum</strong></span> <span class='ocrx_word' id='word_1_163' title='bbox 1021 2246 1236 2319; x_wconf 85' lang='lat' dir='ltr'><strong>immortalium,</strong></span> <span class='ocrx_word' id='word_1_164' title='bbox 1260 2265 1326 2322; x_wconf 82' lang='lat' dir='ltr'><strong>quae</strong></span> 
     </span>
     <span class='ocr_line' id='line_1_20' title="bbox 236 2341 1327 2420; baseline 0.002 -20"><span class='ocrx_word' id='word_1_165' title='bbox 236 2361 302 2420; x_wconf 89' lang='lat' dir='ltr'><strong>pars</strong></span> <span class='ocrx_word' id='word_1_166' title='bbox 316 2341 441 2400; x_wconf 81' lang='lat' dir='ltr'><strong>civitatis</strong></span> <span class='ocrx_word' id='word_1_167' title='bbox 455 2342 596 2401; x_wconf 68' lang='lat' dir='ltr'><strong>Helvetiae</strong></span> <span class='ocrx_word' id='word_1_168' title='bbox 616 2342 757 2420; x_wconf 87' lang='lat' dir='ltr'><strong>insignem</strong></span> <span class='ocrx_word' id='word_1_169' title='bbox 777 2341 968 2401; x_wconf 78' lang='lat' dir='ltr'><strong>calamitatem</strong></span> <span class='ocrx_word' id='word_1_170' title='bbox 986 2342 1093 2420; x_wconf 76' lang='lat' dir='ltr'><strong>populo</strong></span> <span class='ocrx_word' id='word_1_171' title='bbox 1106 2341 1235 2402; x_wconf 85' lang='lat' dir='ltr'><strong>Romano</strong></span> <span class='ocrx_word' id='word_1_172' title='bbox 1248 2343 1327 2402; x_wconf 90' lang='lat' dir='ltr'><strong>intu-</strong></span> 
     </span>
     <span class='ocr_line' id='line_1_21' title="bbox 237 2438 777 2518; baseline 0.002 -21"><span class='ocrx_word' id='word_1_173' title='bbox 237 2438 316 2511; x_wconf 89' lang='lat' dir='ltr'><strong>lerat,</strong></span> <span class='ocrx_word' id='word_1_174' title='bbox 330 2457 363 2497; x_wconf 89' lang='lat' dir='ltr'><strong>ea</strong></span> <span class='ocrx_word' id='word_1_175' title='bbox 377 2438 508 2517; x_wconf 89' lang='lat' dir='ltr'><strong>princeps</strong></span> <span class='ocrx_word' id='word_1_176' title='bbox 521 2459 620 2517; x_wconf 81' lang='lat' dir='ltr'><strong>poeuas</strong></span> <span class='ocrx_word' id='word_1_177' title='bbox 633 2439 777 2518; x_wconf 81' lang='lat' dir='ltr'><strong>persolvit.</strong></span> 
     </span>
    </p>
   </div>
   <div class='ocr_carea' id='block_1_3' title="bbox 430 2597 1146 2644">
    <p class='ocr_par' dir='ltr' id='par_1_4' title="bbox 430 2597 1146 2644">
     <span class='ocr_line' id='line_1_22' title="bbox 430 2597 1146 2644; baseline 0 0"><span class='ocrx_word' id='word_1_178' title='bbox 430 2607 448 2644; x_wconf 69' lang='grc' dir='ltr'>Ι</span> <span class='ocrx_word' id='word_1_179' title='bbox 570 2606 588 2643; x_wconf 69' lang='grc' dir='ltr'>Ι</span> <span class='ocrx_word' id='word_1_180' title='bbox 710 2597 729 2642; x_wconf 73' lang='grc' dir='ltr'>Ἰ</span> <span class='ocrx_word' id='word_1_181' title='bbox 850 2606 868 2643; x_wconf 69' lang='grc' dir='ltr'>Ι</span> <span class='ocrx_word' id='word_1_182' title='bbox 990 2606 1009 2644; x_wconf 56' lang='lat' dir='ltr'><strong>ff</strong></span> <span class='ocrx_word' id='word_1_183' title='bbox 1129 2604 1146 2636; x_wconf 62' lang='lat'><em>4</em></span> 
     </span>
    </p>
   </div>
   <div class='ocr_carea' id='block_1_4' title="bbox 231 2732 1324 3982">
    <p class='ocr_par' dir='ltr' id='par_1_5' title="bbox 231 2732 1324 3886">
     <span class='ocr_line' id='line_1_23' title="bbox 277 2732 1324 2813; baseline 0.002 -21"><span class='ocrx_word' id='word_1_184' title='bbox 277 2732 408 2793; x_wconf 85' lang='lat' dir='ltr'>XXVII.</span> <span class='ocrx_word' id='word_1_185' title='bbox 430 2734 564 2808; x_wconf 81' lang='lat' dir='ltr'><strong>Helvetii,</strong></span> <span class='ocrx_word' id='word_1_186' title='bbox 592 2734 720 2795; x_wconf 90' lang='lat' dir='ltr'><strong>omnium</strong></span> <span class='ocrx_word' id='word_1_187' title='bbox 750 2753 845 2793; x_wconf 90' lang='lat' dir='ltr'><strong>rerum</strong></span> <span class='ocrx_word' id='word_1_188' title='bbox 879 2733 977 2812; x_wconf 88' lang='lat' dir='ltr'><strong>inopia</strong></span> <span class='ocrx_word' id='word_1_189' title='bbox 1005 2733 1131 2807; x_wconf 86' lang='lat' dir='ltr'><strong>adducti,</strong></span> <span class='ocrx_word' id='word_1_190' title='bbox 1155 2733 1262 2813; x_wconf 88' lang='lat' dir='ltr'><strong>legatos</strong></span> <span class='ocrx_word' id='word_1_191' title='bbox 1289 2733 1324 2794; x_wconf 93' lang='lat' dir='ltr'><strong>de</strong></span> 
     </span>
     <span class='ocr_line' id='line_1_24' title="bbox 237 2830 1323 2909; baseline 0.002 -20"><span class='ocrx_word' id='word_1_192' title='bbox 237 2830 381 2891; x_wconf 87' lang='lat' dir='ltr'><strong>deditione</strong></span> <span class='ocrx_word' id='word_1_193' title='bbox 393 2833 429 2891; x_wconf 88' lang='lat' dir='ltr'><strong>ad</strong></span> <span class='ocrx_word' id='word_1_194' title='bbox 443 2853 508 2891; x_wconf 90' lang='lat' dir='ltr'><strong>eum</strong></span> <span class='ocrx_word' id='word_1_195' title='bbox 522 2834 669 2893; x_wconf 85' lang='lat' dir='ltr'><strong>miserunt</strong></span> <span class='ocrx_word' id='word_1_196' title='bbox 711 2830 767 2902; x_wconf 82' lang='lat' dir='ltr'><strong>Qui</strong></span> <span class='ocrx_word' id='word_1_197' title='bbox 781 2852 871 2909; x_wconf 92' lang='lat' dir='ltr'><strong>quum</strong></span> <span class='ocrx_word' id='word_1_198' title='bbox 885 2851 950 2891; x_wconf 90' lang='lat' dir='ltr'><strong>eum</strong></span> <span class='ocrx_word' id='word_1_199' title='bbox 965 2831 995 2890; x_wconf 93' lang='lat' dir='ltr'><strong>in</strong></span> <span class='ocrx_word' id='word_1_200' title='bbox 1009 2831 1112 2891; x_wconf 87' lang='lat' dir='ltr'><strong>itinere</strong></span> <span class='ocrx_word' id='word_1_201' title='bbox 1125 2832 1323 2891; x_wconf 86' lang='lat' dir='ltr'><strong>convenissent</strong></span> 
     </span>
     <span class='ocr_line' id='line_1_25' title="bbox 236 2929 1323 3009; baseline 0.001 -21"><span class='ocrx_word' id='word_1_202' title='bbox 236 2947 320 3006; x_wconf 85' lang='lat' dir='ltr'><strong>saque</strong></span> <span class='ocrx_word' id='word_1_203' title='bbox 346 2929 382 2988; x_wconf 88' lang='lat' dir='ltr'><strong>ad</strong></span> <span class='ocrx_word' id='word_1_204' title='bbox 409 2930 493 3008; x_wconf 90' lang='lat' dir='ltr'><strong>pedes</strong></span> <span class='ocrx_word' id='word_1_205' title='bbox 517 2929 701 3009; x_wconf 87' lang='lat' dir='ltr'><strong>projecissent</strong></span> <span class='ocrx_word' id='word_1_206' title='bbox 727 2929 950 3008; x_wconf 89' lang='lat' dir='ltr'><strong>suppliciterque</strong></span> <span class='ocrx_word' id='word_1_207' title='bbox 977 2929 1067 2988; x_wconf 88' lang='lat' dir='ltr'><strong>locuti</strong></span> <span class='ocrx_word' id='word_1_208' title='bbox 1100 2929 1198 2989; x_wconf 85' lang='lat' dir='ltr'><strong>flentes</strong></span> <span class='ocrx_word' id='word_1_209' title='bbox 1225 2948 1323 3009; x_wconf 87' lang='lat' dir='ltr'><strong>pacem</strong></span> 
     </span>
     <span class='ocr_line' id='line_1_26' title="bbox 235 3027 1322 3105; baseline 0.002 -20"><span class='ocrx_word' id='word_1_210' title='bbox 235 3027 378 3104; x_wconf 86' lang='lat' dir='ltr'><strong>petissent,</strong></span> <span class='ocrx_word' id='word_1_211' title='bbox 401 3036 487 3105; x_wconf 84' lang='lat' dir='ltr'><strong>atque</strong></span> <span class='ocrx_word' id='word_1_212' title='bbox 508 3048 554 3087; x_wconf 88' lang='lat' dir='ltr'><strong>eos</strong></span> <span class='ocrx_word' id='word_1_213' title='bbox 576 3029 608 3087; x_wconf 93' lang='lat' dir='ltr'><strong>in</strong></span> <span class='ocrx_word' id='word_1_214' title='bbox 633 3048 665 3087; x_wconf 90' lang='lat' dir='ltr'><strong>eo</strong></span> <span class='ocrx_word' id='word_1_215' title='bbox 688 3029 757 3100; x_wconf 88' lang='lat' dir='ltr'><strong>loco,</strong></span> <span class='ocrx_word' id='word_1_216' title='bbox 778 3035 917 3105; x_wconf 89' lang='lat' dir='ltr'><strong>quotum</strong></span> <span class='ocrx_word' id='word_1_217' title='bbox 940 3035 1040 3101; x_wconf 82' lang='lat' dir='ltr'><strong>esseut,</strong></span> <span class='ocrx_word' id='word_1_218' title='bbox 1062 3048 1145 3087; x_wconf 87' lang='lat' dir='ltr'><strong>suum</strong></span> <span class='ocrx_word' id='word_1_219' title='bbox 1167 3027 1322 3087; x_wconf 87' lang='lat' dir='ltr'><strong>adrentum</strong></span> 
     </span>
     <span class='ocr_line' id='line_1_27' title="bbox 234 3110 1324 3204; baseline 0 -20"><span class='ocrx_word' id='word_1_220' title='bbox 234 3125 710 3204; x_wconf 84' lang='lat' dir='ltr'><strong>exspectarejusaisset,paruaruut.</strong></span> <span class='ocrx_word' id='word_1_221' title='bbox 744 3123 946 3204; x_wconf 75' lang='lat' dir='ltr'><strong>Eopostquam</strong></span> <span class='ocrx_word' id='word_1_222' title='bbox 954 3123 1048 3184; x_wconf 73' lang='lat' dir='ltr'><strong>Ceasar</strong></span> <span class='ocrx_word' id='word_1_223' title='bbox 1058 3110 1324 3203; x_wconf 71' lang='lat' dir='ltr'><strong>pervenitobsidea,</strong></span> 
     </span>
     <span class='ocr_line' id='line_1_28' title="bbox 233 3222 1323 3302; baseline 0.001 -21"><span class='ocrx_word' id='word_1_224' title='bbox 233 3242 441 3297; x_wconf 71' lang='lat' dir='ltr'><strong>armacenos,</strong></span> <span class='ocrx_word' id='word_1_225' title='bbox 465 3223 516 3301; x_wconf 93' lang='lat' dir='ltr'><strong>qui</strong></span> <span class='ocrx_word' id='word_1_226' title='bbox 537 3223 573 3282; x_wconf 91' lang='lat' dir='ltr'><strong>ad</strong></span> <span class='ocrx_word' id='word_1_227' title='bbox 593 3243 639 3282; x_wconf 89' lang='lat' dir='ltr'><strong>eos</strong></span> <span class='ocrx_word' id='word_1_228' title='bbox 659 3222 857 3302; x_wconf 78' lang='lat' dir='ltr'><strong>perfugissent,</strong></span> <span class='ocrx_word' id='word_1_229' title='bbox 876 3222 1011 3302; x_wconf 85' lang='lat' dir='ltr'><strong>poposcit.</strong></span> <span class='ocrx_word' id='word_1_230' title='bbox 1054 3222 1131 3282; x_wconf 90' lang='lat' dir='ltr'><strong>Dum</strong></span> <span class='ocrx_word' id='word_1_231' title='bbox 1152 3244 1186 3284; x_wconf 90' lang='lat' dir='ltr'><strong>ea</strong></span> <span class='ocrx_word' id='word_1_232' title='bbox 1205 3224 1323 3301; x_wconf 91' lang='lat' dir='ltr'><strong>conqui-</strong></span> 
     </span>
     <span class='ocr_line' id='line_1_29' title="bbox 234 3319 1321 3393; baseline 0.003 -16"><span class='ocrx_word' id='word_1_233' title='bbox 234 3327 341 3379; x_wconf 90' lang='lat' dir='ltr'><strong>runtur</strong></span> <span class='ocrx_word' id='word_1_234' title='bbox 366 3327 395 3380; x_wconf 86' lang='lat' dir='ltr'><strong>et</strong></span> <span class='ocrx_word' id='word_1_235' title='bbox 418 3320 610 3392; x_wconf 81' lang='lat' dir='ltr'><strong>conferuntur,</strong></span> <span class='ocrx_word' id='word_1_236' title='bbox 632 3330 715 3380; x_wconf 90' lang='lat' dir='ltr'><strong>nocte</strong></span> <span class='ocrx_word' id='word_1_237' title='bbox 736 3320 905 3393; x_wconf 87' lang='lat' dir='ltr'><strong>intermissa,</strong></span> <span class='ocrx_word' id='word_1_238' title='bbox 925 3320 1038 3379; x_wconf 89' lang='lat' dir='ltr'><strong>circiter</strong></span> <span class='ocrx_word' id='word_1_239' title='bbox 1058 3319 1207 3380; x_wconf 91' lang='lat' dir='ltr'><strong>hominum</strong></span> <span class='ocrx_word' id='word_1_240' title='bbox 1228 3321 1321 3380; x_wconf 92' lang='lat' dir='ltr'><strong>millia</strong></span> 
     </span>
     <span class='ocr_line' id='line_1_30' title="bbox 235 3415 1321 3495; baseline 0.002 -20"><span class='ocrx_word' id='word_1_241' title='bbox 235 3433 272 3475; x_wconf 77' lang='lat' dir='ltr'><strong>rr.</strong></span> <span class='ocrx_word' id='word_1_242' title='bbox 287 3415 348 3492; x_wconf 86' lang='lat' dir='ltr'><strong>ejus</strong></span> <span class='ocrx_word' id='word_1_243' title='bbox 362 3417 437 3495; x_wconf 91' lang='lat' dir='ltr'><strong>pagi,</strong></span> <span class='ocrx_word' id='word_1_244' title='bbox 451 3417 502 3494; x_wconf 94' lang='lat' dir='ltr'><strong>qui</strong></span> <span class='ocrx_word' id='word_1_245' title='bbox 523 3417 700 3495; x_wconf 82' lang='lat' dir='ltr'><strong>Verbigenus</strong></span> <span class='ocrx_word' id='word_1_246' title='bbox 719 3416 889 3495; x_wconf 88' lang='lat' dir='ltr'><strong>adpellatur,</strong></span> <span class='ocrx_word' id='word_1_247' title='bbox 909 3416 968 3476; x_wconf 84' lang='lat' dir='ltr'><strong>sive</strong></span> <span class='ocrx_word' id='word_1_248' title='bbox 987 3417 1090 3476; x_wconf 89' lang='lat' dir='ltr'><strong>timore</strong></span> <span class='ocrx_word' id='word_1_249' title='bbox 1109 3418 1261 3495; x_wconf 87' lang='lat' dir='ltr'><strong>perterriti,</strong></span> <span class='ocrx_word' id='word_1_250' title='bbox 1285 3438 1321 3478; x_wconf 89' lang='lat' dir='ltr'><strong>nc</strong></span> 
     </span>
     <span class='ocr_line' id='line_1_31' title="bbox 231 3513 1321 3593; baseline 0 -20"><span class='ocrx_word' id='word_1_251' title='bbox 231 3515 318 3573; x_wconf 88' lang='lat' dir='ltr'><strong>armis</strong></span> <span class='ocrx_word' id='word_1_252' title='bbox 338 3513 451 3573; x_wconf 88' lang='lat' dir='ltr'><strong>traditis</strong></span> <span class='ocrx_word' id='word_1_253' title='bbox 471 3514 612 3593; x_wconf 91' lang='lat' dir='ltr'><strong>supplicio</strong></span> <span class='ocrx_word' id='word_1_254' title='bbox 631 3514 828 3587; x_wconf 87' lang='lat' dir='ltr'><strong>adficerentur,</strong></span> <span class='ocrx_word' id='word_1_255' title='bbox 842 3514 901 3573; x_wconf 85' lang='lat' dir='ltr'><strong>sive</strong></span> <span class='ocrx_word' id='word_1_256' title='bbox 918 3533 968 3592; x_wconf 86' lang='lat' dir='ltr'><strong>ape</strong></span> <span class='ocrx_word' id='word_1_257' title='bbox 987 3515 1088 3574; x_wconf 86' lang='lat' dir='ltr'><strong>salutis</strong></span> <span class='ocrx_word' id='word_1_258' title='bbox 1101 3514 1220 3587; x_wconf 89' lang='lat' dir='ltr'><strong>inducti,</strong></span> <span class='ocrx_word' id='word_1_259' title='bbox 1235 3515 1321 3593; x_wconf 91' lang='lat' dir='ltr'><strong>quod,</strong></span> 
     </span>
     <span class='ocr_line' id='line_1_32' title="bbox 233 3610 1320 3690; baseline 0.002 -21"><span class='ocrx_word' id='word_1_260' title='bbox 233 3611 263 3670; x_wconf 92' lang='lat' dir='ltr'><strong>in</strong></span> <span class='ocrx_word' id='word_1_261' title='bbox 283 3618 365 3671; x_wconf 87' lang='lat' dir='ltr'><strong>tanta</strong></span> <span class='ocrx_word' id='word_1_262' title='bbox 384 3610 573 3670; x_wconf 87' lang='lat' dir='ltr'><strong>multitudine</strong></span> <span class='ocrx_word' id='word_1_263' title='bbox 594 3611 799 3682; x_wconf 90' lang='lat' dir='ltr'><strong>dedititiorum,</strong></span> <span class='ocrx_word' id='word_1_264' title='bbox 813 3631 893 3670; x_wconf 85' lang='lat' dir='ltr'><strong>suam</strong></span> <span class='ocrx_word' id='word_1_265' title='bbox 914 3611 1013 3690; x_wconf 83' lang='lat' dir='ltr'><strong>fugam</strong></span> <span class='ocrx_word' id='word_1_266' title='bbox 1032 3619 1084 3671; x_wconf 90' lang='lat' dir='ltr'><strong>aut</strong></span> <span class='ocrx_word' id='word_1_267' title='bbox 1103 3612 1248 3685; x_wconf 89' lang='lat' dir='ltr'><strong>occultari,</strong></span> <span class='ocrx_word' id='word_1_268' title='bbox 1268 3619 1320 3671; x_wconf 91' lang='lat' dir='ltr'><strong>aut</strong></span> 
     </span>
     <span class='ocr_line' id='line_1_33' title="bbox 231 3708 1321 3787; baseline 0.003 -21"><span class='ocrx_word' id='word_1_269' title='bbox 231 3709 345 3768; x_wconf 91' lang='lat' dir='ltr'><strong>omuino</strong></span> <span class='ocrx_word' id='word_1_270' title='bbox 369 3709 495 3787; x_wconf 85' lang='lat' dir='ltr'><strong>ignorari</strong></span> <span class='ocrx_word' id='word_1_271' title='bbox 521 3728 600 3787; x_wconf 85' lang='lat' dir='ltr'><strong>posse</strong></span> <span class='ocrx_word' id='word_1_272' title='bbox 622 3708 828 3781; x_wconf 86' lang='lat' dir='ltr'><strong>existimarent,</strong></span> <span class='ocrx_word' id='word_1_273' title='bbox 848 3709 941 3785; x_wconf 89' lang='lat' dir='ltr'><strong>prima</strong></span> <span class='ocrx_word' id='word_1_274' title='bbox 961 3715 1043 3768; x_wconf 89' lang='lat' dir='ltr'><strong>nocte</strong></span> <span class='ocrx_word' id='word_1_275' title='bbox 1062 3729 1078 3768; x_wconf 89' lang='lat' dir='ltr'><strong>e</strong></span> <span class='ocrx_word' id='word_1_276' title='bbox 1098 3709 1197 3768; x_wconf 89' lang='lat' dir='ltr'><strong>castris</strong></span> <span class='ocrx_word' id='word_1_277' title='bbox 1218 3709 1321 3770; x_wconf 78' lang='lat' dir='ltr'><strong>Helve-</strong></span> 
     </span>
     <span class='ocr_line' id='line_1_34' title="bbox 232 3805 1247 3886; baseline 0.003 -23"><span class='ocrx_word' id='word_1_278' title='bbox 232 3805 337 3865; x_wconf 91' lang='lat' dir='ltr'><strong>tiorum</strong></span> <span class='ocrx_word' id='word_1_279' title='bbox 350 3808 462 3886; x_wconf 88' lang='lat' dir='ltr'><strong>egressi,</strong></span> <span class='ocrx_word' id='word_1_280' title='bbox 476 3806 513 3866; x_wconf 88' lang='lat' dir='ltr'><strong>ad</strong></span> <span class='ocrx_word' id='word_1_281' title='bbox 528 3806 659 3866; x_wconf 84' lang='lat' dir='ltr'><strong>Rhenum</strong></span> <span class='ocrx_word' id='word_1_282' title='bbox 672 3805 799 3883; x_wconf 86' lang='lat' dir='ltr'><strong>finesque</strong></span> <span class='ocrx_word' id='word_1_283' title='bbox 810 3807 1018 3866; x_wconf 87' lang='lat' dir='ltr'><strong>Germanorum</strong></span> <span class='ocrx_word' id='word_1_284' title='bbox 1031 3807 1247 3867; x_wconf 86' lang='lat' dir='ltr'><strong>contenderunt.</strong></span> 
     </span>
    </p>

    <p class='ocr_par' dir='ltr' id='par_1_6' title="bbox 271 3901 1321 3982">
     <span class='ocr_line' id='line_1_35' title="bbox 271 3901 1321 3982; baseline 0.004 -22"><span class='ocrx_word' id='word_1_285' title='bbox 271 3901 419 3965; x_wconf 84' lang='lat' dir='ltr'>XXVIII.</span> <span class='ocrx_word' id='word_1_286' title='bbox 440 3904 522 3976; x_wconf 83' lang='lat' dir='ltr'><strong>Quod</strong></span> <span class='ocrx_word' id='word_1_287' title='bbox 545 3904 597 3964; x_wconf 93' lang='lat' dir='ltr'><strong>ubi</strong></span> <span class='ocrx_word' id='word_1_288' title='bbox 620 3903 716 3963; x_wconf 73' lang='lat' dir='ltr'><strong>Caesar</strong></span> <span class='ocrx_word' id='word_1_289' title='bbox 735 3904 838 3977; x_wconf 89' lang='lat' dir='ltr'><strong>resciit,</strong></span> <span class='ocrx_word' id='word_1_290' title='bbox 861 3923 983 3981; x_wconf 90' lang='lat' dir='ltr'><strong>quorum</strong></span> <span class='ocrx_word' id='word_1_291' title='bbox 1004 3923 1054 3982; x_wconf 87' lang='lat' dir='ltr'><strong>per</strong></span> <span class='ocrx_word' id='word_1_292' title='bbox 1071 3905 1140 3964; x_wconf 86' lang='lat' dir='ltr'><strong>fines</strong></span> <span class='ocrx_word' id='word_1_293' title='bbox 1153 3905 1253 3977; x_wconf 88' lang='lat' dir='ltr'><strong>ierant,</strong></span> <span class='ocrx_word' id='word_1_294' title='bbox 1266 3904 1321 3978; x_wconf 87' lang='lat' dir='ltr'><strong>his,</strong></span> 
     </span>
    </p>
   </div>
   <div class='ocr_carea' id='block_1_5' title="bbox 229 3999 1409 4081">
    <p class='ocr_par' dir='ltr' id='par_1_7' title="bbox 229 3999 1409 4081">
     <span class='ocr_line' id='line_1_36' title="bbox 229 3999 1409 4081; baseline 0.003 -24"><span class='ocrx_word' id='word_1_295' title='bbox 229 3999 273 4058; x_wconf 91' lang='lat' dir='ltr'><strong>uti</strong></span> <span class='ocrx_word' id='word_1_296' title='bbox 282 4002 481 4078; x_wconf 83' lang='lat' dir='ltr'><strong>conquirerent</strong></span> <span class='ocrx_word' id='word_1_297' title='bbox 492 4010 520 4061; x_wconf 88' lang='lat' dir='ltr'><strong>et</strong></span> <span class='ocrx_word' id='word_1_298' title='bbox 530 4002 704 4074; x_wconf 88' lang='lat' dir='ltr'><strong>reducerent,</strong></span> <span class='ocrx_word' id='word_1_299' title='bbox 718 4002 743 4061; x_wconf 89' lang='lat' dir='ltr'><strong>si</strong></span> <span class='ocrx_word' id='word_1_300' title='bbox 754 4001 809 4060; x_wconf 90' lang='lat' dir='ltr'><strong>sibi</strong></span> <span class='ocrx_word' id='word_1_301' title='bbox 823 4002 939 4081; x_wconf 90' lang='lat' dir='ltr'><strong>purgati</strong></span> <span class='ocrx_word' id='word_1_302' title='bbox 953 4022 1011 4061; x_wconf 83' lang='lat' dir='ltr'><strong>ease</strong></span> <span class='ocrx_word' id='word_1_303' title='bbox 1025 4003 1136 4072; x_wconf 78' lang='lat' dir='ltr'><strong>vellent,</strong></span> <span class='ocrx_word' id='word_1_304' title='bbox 1150 4003 1319 4080; x_wconf 82' lang='lat' dir='ltr'><strong>imperarit:</strong></span> <span class='ocrx_word' id='word_1_305' title='bbox 1406 4036 1409 4045; x_wconf 88' lang='lat'>.</span> 
     </span>
    </p>
   </div>
   <div class='ocr_carea' id='block_1_6' title="bbox 225 4096 1319 4468">
    <p class='ocr_par' dir='ltr' id='par_1_8' title="bbox 225 4096 1319 4468">
     <span class='ocr_line' id='line_1_37' title="bbox 227 4096 1319 4177; baseline 0.004 -22"><span class='ocrx_word' id='word_1_306' title='bbox 227 4096 356 4156; x_wconf 84' lang='lat' dir='ltr'><strong>reductas</strong></span> <span class='ocrx_word' id='word_1_307' title='bbox 383 4099 415 4157; x_wconf 93' lang='lat' dir='ltr'><strong>in</strong></span> <span class='ocrx_word' id='word_1_308' title='bbox 442 4099 568 4160; x_wconf 88' lang='lat' dir='ltr'><strong>hostium</strong></span> <span class='ocrx_word' id='word_1_309' title='bbox 596 4119 714 4159; x_wconf 87' lang='lat' dir='ltr'><strong>numero</strong></span> <span class='ocrx_word' id='word_1_310' title='bbox 741 4099 864 4159; x_wconf 88' lang='lat' dir='ltr'><strong>habuit:</strong></span> <span class='ocrx_word' id='word_1_311' title='bbox 884 4099 1009 4177; x_wconf 91' lang='lat' dir='ltr'><strong>reliquos</strong></span> <span class='ocrx_word' id='word_1_312' title='bbox 1035 4120 1139 4172; x_wconf 88' lang='lat' dir='ltr'><strong>omues,</strong></span> <span class='ocrx_word' id='word_1_313' title='bbox 1163 4100 1319 4173; x_wconf 89' lang='lat' dir='ltr'><strong>obsidibus,</strong></span> 
     </span>
     <span class='ocr_line' id='line_1_38' title="bbox 226 4195 1319 4276; baseline 0.005 -24"><span class='ocrx_word' id='word_1_314' title='bbox 226 4195 321 4267; x_wconf 89' lang='lat' dir='ltr'><strong>armis,</strong></span> <span class='ocrx_word' id='word_1_315' title='bbox 335 4196 461 4274; x_wconf 85' lang='lat' dir='ltr'><strong>perfugis</strong></span> <span class='ocrx_word' id='word_1_316' title='bbox 473 4197 596 4270; x_wconf 88' lang='lat' dir='ltr'><strong>traditis,</strong></span> <span class='ocrx_word' id='word_1_317' title='bbox 609 4197 642 4256; x_wconf 91' lang='lat' dir='ltr'><strong>in</strong></span> <span class='ocrx_word' id='word_1_318' title='bbox 656 4196 830 4256; x_wconf 89' lang='lat' dir='ltr'><strong>deditionem</strong></span> <span class='ocrx_word' id='word_1_319' title='bbox 843 4197 959 4275; x_wconf 80' lang='lat' dir='ltr'><strong>accepit</strong></span> <span class='ocrx_word' id='word_1_320' title='bbox 1003 4198 1155 4269; x_wconf 80' lang='lat' dir='ltr'><strong>Helvetios,</strong></span> <span class='ocrx_word' id='word_1_321' title='bbox 1171 4196 1319 4276; x_wconf 79' lang='lat' dir='ltr'><strong>Tulingos,</strong></span> 
     </span>
     <span class='ocr_line' id='line_1_39' title="bbox 226 4291 1315 4373; baseline 0.003 -23"><span class='ocrx_word' id='word_1_322' title='bbox 226 4291 393 4371; x_wconf 81' lang='lat' dir='ltr'><strong>Latobrigos</strong></span> <span class='ocrx_word' id='word_1_323' title='bbox 407 4292 438 4351; x_wconf 93' lang='lat' dir='ltr'><strong>iu</strong></span> <span class='ocrx_word' id='word_1_324' title='bbox 450 4291 523 4351; x_wconf 84' lang='lat' dir='ltr'><strong>fines</strong></span> <span class='ocrx_word' id='word_1_325' title='bbox 534 4314 607 4366; x_wconf 87' lang='lat' dir='ltr'><strong>suos,</strong></span> <span class='ocrx_word' id='word_1_326' title='bbox 621 4293 697 4353; x_wconf 91' lang='lat' dir='ltr'><strong>unde</strong></span> <span class='ocrx_word' id='word_1_327' title='bbox 711 4302 792 4353; x_wconf 88' lang='lat' dir='ltr'><strong>erant</strong></span> <span class='ocrx_word' id='word_1_328' title='bbox 805 4294 934 4373; x_wconf 83' lang='lat' dir='ltr'><strong>profecti,</strong></span> <span class='ocrx_word' id='word_1_329' title='bbox 947 4296 1051 4355; x_wconf 82' lang='lat' dir='ltr'><strong>reverti</strong></span> <span class='ocrx_word' id='word_1_330' title='bbox 1061 4295 1169 4372; x_wconf 87' lang='lat' dir='ltr'><strong>jussit;</strong></span> <span class='ocrx_word' id='word_1_331' title='bbox 1189 4302 1218 4354; x_wconf 92' lang='lat' dir='ltr'><strong>et</strong></span> <span class='ocrx_word' id='word_1_332' title='bbox 1231 4294 1315 4372; x_wconf 89' lang='lat' dir='ltr'><strong>quod,</strong></span> 
     </span>
     <span class='ocr_line' id='line_1_40' title="bbox 225 4389 1317 4468; baseline 0.002 -19"><span class='ocrx_word' id='word_1_333' title='bbox 225 4390 358 4450; x_wconf 89' lang='lat' dir='ltr'><strong>omuibus</strong></span> <span class='ocrx_word' id='word_1_334' title='bbox 381 4389 522 4450; x_wconf 88' lang='lat' dir='ltr'><strong>fructibus</strong></span> <span class='ocrx_word' id='word_1_335' title='bbox 541 4391 659 4464; x_wconf 87' lang='lat' dir='ltr'><strong>amissis,</strong></span> <span class='ocrx_word' id='word_1_336' title='bbox 678 4391 755 4450; x_wconf 90' lang='lat' dir='ltr'><strong>domi</strong></span> <span class='ocrx_word' id='word_1_337' title='bbox 776 4392 851 4451; x_wconf 90' lang='lat' dir='ltr'><strong>nihil</strong></span> <span class='ocrx_word' id='word_1_338' title='bbox 872 4400 941 4464; x_wconf 88' lang='lat' dir='ltr'><strong>erat,</strong></span> <span class='ocrx_word' id='word_1_339' title='bbox 960 4413 1018 4468; x_wconf 88' lang='lat' dir='ltr'><strong>quo</strong></span> <span class='ocrx_word' id='word_1_340' title='bbox 1036 4393 1140 4452; x_wconf 87' lang='lat' dir='ltr'><strong>famem</strong></span> <span class='ocrx_word' id='word_1_341' title='bbox 1155 4394 1317 4463; x_wconf 86' lang='lat' dir='ltr'><strong>tolerarent,</strong></span> 
     </span>
    </p>
   </div>
   <div class='ocr_carea' id='block_1_7' title="bbox 0 0 1636 5086">
    <p class='ocr_par' dir='ltr' id='par_1_9' title="bbox 0 0 1636 5086">
     <span class='ocr_line' id='line_1_41' title="bbox 0 0 1636 5086; baseline 0 7"><span class='ocrx_word' id='word_1_342' title='bbox 0 0 1636 5086; x_wconf 95' lang='lat' dir='ltr'><strong> </strong></span> 
     </span>
    </p>
   </div>
  </div>
 </body>
</html>
