3232 5100
314 452 338 497 x
584 446 662 501 'l'Hll
685 447 866 502 GERMANY
892 446 940 502 OF
964 447 1131 503 TACITUS.

357 605 409 669 Ex
431 605 490 671 heo
513 607 609 693 igitur
634 606 766 672 Scanzia
785 607 894 686 insula,
921 607 1008 691 quasi
1033 604 1154 670 officina
1178 604 1327 690 gentium,
1346 617 1405 674 ant

314 713 398 769 certe
424 706 510 771 velut
526 707 638 793 vagina
666 707 838 786 nationum,
866 730 938 772 cum
964 729 1037 792 rege
1066 729 1121 772 sno
1146 705 1271 772 nomine
1289 705 1405 774 Berich

312 805 411 869 Gothi
424 806 580 890 quondam
592 816 803 873 memorantur
815 807 946 893 egressi:
971 808 1023 895 qui
1039 814 1075 871 11
1088 806 1223 891 primum
1238 807 1404 876 suavibus

310 915 461 971 exeuntes
484 914 583 973 terras
609 907 751 993 attigere,
772 908 854 972 illico
877 908 944 972 loco
966 930 1079 972 nomen
1103 905 1265 972 dederunt.
1317 906 1403 974 Nam

309 1004 401 1070 hodie
423 1005 495 1087 illic,
517 1016 554 1071 ut
575 1008 683 1084 fertur,
707 1007 926 1073 Gothiscanzia
946 1015 1084 1072 vocatur·
1130 1005 1225 1072 Unde
1239 1028 1314 1071 mox
1328 1030 1403 1093 pro-

308 1115 469 1171 moventes
483 1107 525 1172 ad
538 1107 626 1173 sedes
642 1106 894 1193 Ulmerugomm,
910 1107 963 1191 qni
984 1116 1059 1172 tunc
1081 1104 1198 1171 Oceani
1220 1108 1304 1191 ripas
1324 1109 1402 1174 insi·

309 1205 436 1284 debent,
462 1209 674 1274 castrametati
701 1216 783 1286 sunt,
806 1230 919 1293 eosque
945 1206 1107 1272 commisso
1138 1205 1245 1291 proelio
1267 1208 1400 1293 propriis

308 1305 432 1372 sedibus
461 1309 665 1394 pepulerunt:
700 1330 866 1392 eorumque
895 1307 1012 1372 vicinos
1037 1305 1212 1371 Wandalos
1228 1304 1298 1393 jam
1321 1316 1398 1373 tnnc

307 1405 517 1493 subjugantes,
540 1408 604 1474 suis
625 1408 800 1494 applicuere
824 1408 968 1472 victoriis.
1013 1406 1063 1472 lbi
1077 1429 1149 1471 vero
1164 1428 1278 1492 magna
1290 1408 1398 1493 populi

306 1508 530 1574 numerositate
552 1516 718 1586 crescente,
734 1507 829 1572 etiam
851 1529 930 1593 pene
947 1507 1054 1592 quinto
1067 1528 1138 1591 rege
1152 1515 1309 1591 regnante,
1326 1518 1397 1592 post

305 1606 428 1684 Berich,
446 1606 584 1685 Filimer,
603 1606 665 1673 filio
681 1607 838 1685 Godarici,
856 1607 982 1673 consilio
1006 1606 1099 1683 sedit,
1124 1614 1160 1671 nt
1183 1605 1295 1671 exinde
1323 1630 1395 1673 curn

304 1705 430 1772 familiis
445 1707 620 1772 Gothorum
633 1716 827 1793 promoveret
840 1707 1004 1773 exercitus.
1036 1707 1097 1789 Qui
1109 1705 1284 1792 aptissimas
1295 1707 1394 1785 sedes,

304 1804 432 1890 locaque
455 1806 529 1871 dnm
558 1817 708 1891 quaereret
734 1830 877 1893 congrus,
904 1805 1108 1894 pervenitad
1131 1806 1269 1892 Scythias
1283 1814 1394 1884 terras,

303 1928 371 1989 111
396 1906 503 1992 liugos
527 1929 633 1971 eorum
659 1906 740 1972 Ouin
764 1909 965 1974 vocabantur.
1010 1906 1076 1973 Ubi
1102 1906 1256 1971 delectato
1280 1929 1395 1992 magna

301 2005 445 2070 ubertate
470 2006 629 2092 regionum
654 2008 804 2085 exercitu,
828 2017 862 2072 et
891 2007 1058 2073 medietate
1087 2006 1285 2091 transposita,
1315 2030 1393 2093 pons

302 2104 425 2184 dicitur,
441 2106 524 2171 unde
550 2129 673 2173 amnem
696 2105 906 2194 transjecerat,
930 2106 1144 2173 miserabiliter
1157 2106 1315 2185 corruisse,
1334 2130 1393 2173 nec

301 2205 431 2272 ulterius
446 2204 516 2293 jam
541 2208 685 2291 cuiquam
706 2208 794 2273 licuit
810 2208 865 2285 ire,
881 2216 936 2273 aut
953 2207 1063 2273 redire.
1108 2206 1191 2271 Nam
1204 2206 1231 2270 is
1245 2205 1339 2283 locus,
1355 2216 1392 2274 ut

301 2305 410 2385 fertur,
438 2308 577 2373 tremulis
603 2308 768 2394 paludibus
789 2308 934 2394 voragine
956 2304 1155 2394 circumjecta
1176 2306 1389 2373 concluditur:

301 2428 393 2489 quem
410 2417 540 2493 utraque
555 2409 731 2474 confusione
747 2416 860 2473 natura
874 2407 1011 2473 reddidit
1027 2407 1221 2492 impervium.
1266 2406 1390 2472 Verun-

300 2514 406 2572 tamen
433 2508 584 2594 hodieque
605 2509 669 2574 illic
695 2516 727 2573 11
748 2530 839 2574 voces
862 2517 1072 2573 armentorum
1093 2505 1205 2585 audiri,
1223 2513 1255 2571 11
1274 2506 1391 2573 indicia

299 2606 459 2673 hominum
482 2608 679 2694 deprehendi,
703 2608 943 2673 commeantium
966 2607 1185 2685 adtestatione,
1207 2606 1348 2690 quamvis
1368 2631 1390 2673 a

298 2707 389 2794 louge
406 2709 612 2787 audientium,
627 2709 752 2774 credere
769 2708 852 2773 licet.
897 2708 976 2773 Haec
990 2708 1086 2794 igitur
1107 2728 1180 2792 pars
1201 2706 1387 2785 Gothomm,

297 2830 366 2891 qnae
390 2809 475 2895 apud
498 2808 628 2875 Filimer
650 2809 763 2873 dicitur
783 2809 815 2873 in
831 2815 929 2874 terras
945 2808 1028 2873 Onin
1037 2828 1168 2872 emenso
1181 2829 1273 2871 amne
1286 2814 1388 2873 trans·

298 2908 411 2992 posita,
432 2917 574 2994 optatum
598 2909 699 2995 potita
718 2909 836 2974 solum:
872 2930 930 2973 uec
953 2930 1058 2973 mora:
1085 2906 1168 2971 illico
1192 2906 1234 2971 ad
1259 2913 1385 2992 gentem

298 3006 463 3092 Spelorum
499 3009 679 3089 adveniunt,
716 3016 915 3093 consertoque
946 3007 1052 3095 proelio
1083 3006 1246 3072 victoriam
1285 3006 1386 3092 adipi·

296 3117 434 3173 scuntur.
478 3110 662 3197 Exindeque
670 3108 738 3198 jam
753 3109 839 3174 velut
857 3110 989 3174 victores
1002 3108 1044 3172 sd
1058 3115 1231 3173 extremam
1246 3105 1386 3193 Scythia

294 3215 518 3294 partemque
548 3209 681 3275 Ρ111111
706 3211 785 3275 mari
808 3209 910 3274 vicina
937 3217 994 3288 est,
1020 3216 1206 3293 properant:
1236 3206 1385 3291 quemad·

295 3305 423 3373 modum
445 3318 479 3374 et
502 3308 533 3375 11
557 3309 665 3397 priscis
686 3332 792 3375 eorum
814 3308 1002 3374 carminibus
1018 3330 1097 3393 pene
1110 3307 1257 3373 historico
1273 3307 1336 3371 ritu
1350 3306 1384 3373 in

295 3426 458 3472 commuue
480 3410 643 3475 recolitur:
668 3408 751 3494 qnod
774 3416 807 3473 11
831 3409 985 3475 Ablavius
1009 3407 1181 3493 descriptor
1207 3406 1383 3473 Gothorum

293 3505 397 3591 gentis
421 3511 561 3595 egregius
575 3509 734 3574 verissima
757 3509 933 3575 adteststur
948 3508 1086 3575 historia
1134 3507 1172 3571 In
1195 3528 1289 3592 qnam
1313 3529 1382 3573 son·

292 3605 424 3671 tentiam
449 3618 482 3673 et
506 3608 645 3674 nonnulli
671 3630 850 3674 consensere
876 3606 1039 3695 majorum.
1082 3606 1240 3694 Josephns
1262 3629 1383 3692 quoqne

293 3707 451 3773 annalium
474 3709 589 3774 relator
612 3706 796 3787 1111εεί1111,
819 3709 894 3773 dnm
920 3708 1034 3794 ubique
1055 3707 1197 3773 veritatis
1219 3716 1381 3773 conservat

292 3807 441 3892 regulam,
458 3817 490 3874 11
514 3808 648 3895 origines
671 3830 832 3874 causarum
852 3832 873 3874 a
892 3809 1043 3895 principio
1057 3806 1199 3885 revolvit,
1214 3807 1281 3871 haec
1295 3830 1379 3885 vero,

291 3929 359 3991 quae
374 3908 519 3987 diximus,
538 3910 685 3995 degente
702 3908 875 3975 Gothorum
890 3909 1041 3996 principia
1057 3930 1113 3973 our
1130 3907 1277 3985 omiserit,
1293 3908 1380 3993 igno-

288 4029 404 4073 ramus.
449 4011 513 4076 Sed
527 4018 632 4075 tamen
647 4010 687 4074 ab
703 4010 763 4074 hoc
778 4009 846 4074 loco
861 4032 967 4075 eorum
982 4009 1110 4093 stirpem
1125 4029 1378 4085 commemorans,

289 4105 425 4193 Scythas
446 4132 499 4175 eos
522 4119 554 4176 et
577 4109 702 4176 natione
727 4122 760 4175 et
783 4111 932 4176 vocabulo
948 4108 1057 4174 asserit
1072 4106 1265 4193 appellatos:
1290 4105 1379 4194 cujus

287 4206 344 4272 soli
361 4209 519 4289 terminos,
534 4218 700 4294 antequam
716 4211 802 4275 alind
816 4210 858 4275 ad
879 4209 1016 4276 medinm
1039 4207 1239 4287 deducamus,
1254 4229 1378 4273 necesse

286 4315 343 4387 est,
358 4310 407 4374 nti
417 4307 556 4397 jaceant,
572 4310 684 4375 dicere.

328 4408 461 4498 Scythia
486 4410 636 4495 siqnidem
665 4410 838 4476 Germanice
875 4418 965 4475 11111
1002 4405 1139 4485 confinis,
1172 4414 1300 4473 eotenus
1321 4407 1375 4474 ubi
