3202 5076
311 484 375 554 lxx
584 497 867 555 annonantur
892 500 941 557 or
965 501 1131 558 ramnus,

311 685 383 726 eum
398 664 500 728 locum
517 662 615 729 venit.
666 662 806 727 Primam
823 671 855 728 et
870 663 1039 730 secundam
1055 665 1154 729 aciem
1169 664 1201 728 in
1215 663 1310 728 armis
1327 684 1402 741 esse,

311 764 437 828 tertiam
463 772 566 829 castra
591 762 712 827 munire
733 760 840 849 jussit.
891 764 956 829 Hic
984 762 1078 830 locus*
1100 764 1141 830 ab
1166 763 1256 828 hoste
1283 761 1405 828 circiter

311 885 420 948 passus
433 871 606 941 sexcentos,
618 863 665 927 nti
677 862 796 927 dictum
810 873 868 943 est,
884 865 1003 933 aberat.
1048 863 1098 929 Eo
1111 863 1234 929 circiter
1244 863 1404 928 hominnm

312 985 441 1028 numero
468 987 535 1029 xm.
566 963 665 1029 millia
689 962 839 1050 expedita
860 987 931 1030 cum
953 964 1037 1030 omni
1059 964 1204 1049 equitatu
1226 962 1404 1028 Ariovistus

310 1063 406 1139 misit,
419 1088 487 1149 qnae
502 1065 599 1150 copia
612 1071 735 1129 nostros
748 1071 955 1150 perterrerent
968 1073 1000 1131 et
1011 1064 1183 1130 munitione
1194 1063 1403 1149 prohiberent.

312 1162 425 1229 Nihilo
450 1165 549 1231 secius
570 1164 683 1243 (iasar,
700 1171 738 1228 ut
756 1171 830 1229 ante
850 1166 1065 1244 constituerat,
1089 1165 1168 1230 duas
1183 1164 1266 1229 acies
1281 1163 1402 1229 hostem

311 1264 502 1350 propulsare,
527 1264 654 1330 tertiam
682 1286 760 1349 opns
784 1267 929 1349 perficere
951 1263 1058 1352 jussit.
1123 1262 1256 1330 Munitis
1283 1262 1403 1341 cestria,

311 1365 390 1430 duas
404 1365 447 1430 ibi
462 1365 597 1452 legiones
613 1364 737 1449 reliquit
758 1373 790 1430 et
808 1373 930 1450 partem
951 1365 1160 1442 auxiliorum
1183 1372 1315 1450 quatuor
1333 1363 1406 1428 reli-

310 1487 387 1548 quas
401 1466 434 1530 in
450 1474 553 1532 castra
566 1464 686 1552 majora
700 1463 835 1532 reduxit.

357 1565 395 1630 L.
431 1566 581 1633 Proximo
611 1565 672 1644 die,
705 1564 849 1630 instituto
877 1589 942 1645 sno,
967 1566 1074 1633 Gaesar
1095 1590 1113 1632 e
1135 1564 1245 1632 castris
1265 1564 1404 1648 utrisque

311 1667 417 1751 copias
450 1689 522 1733 snas
555 1666 688 1739 eduxitr
740 1667 939 1751 paullumque
972 1689 993 1731 a
1026 1665 1194 1753 majoribus
1225 1686 1406 1751 progressus

310 1766 409 1832 aciem
433 1766 582 1832 instruxit
600 1765 802 1850 hostibusque
821 1766 980 1852 pugnandi
998 1774 1187 1853 potestatem
1202 1765 1287 1832 fecit.
1338 1763 1405 1830 Ubi

311 1889 350 1932 ne
365 1875 434 1932 tum
452 1867 578 1953 quidem
599 1888 652 1931 eos
672 1865 796 1952 prodire
816 1867 982 1945 intellexit,
1003 1867 1125 1932 circiter
1139 1867 1298 1932 meridiem
1314 1888 1404 1930 exer·

312 1967 410 2032 eitum
443 1970 475 2033 in
506 1976 610 2031 castra
635 1966 772 2032 reduxit.
818 1966 900 2031 'l'um
927 1966 1054 2032 demum
1082 1968 1260 2033 Ariovistus
1283 1976 1405 2053 partem

311 2089 438 2133 suarum
469 2068 638 2153 copiarum,
673 2089 741 2151 qnae
773 2075 877 2132 castra
909 2067 1030 2133 minora
1060 2076 1265 2154 oppugnaret
1296 2067 1402 2132 misit:

311 2168 426 2232 acriter
452 2168 608 2252 utrimque
633 2188 730 2252 usque
754 2168 795 2232 ad
820 2190 983 2254 vesperum
1008 2177 1182 2254 pugnatum
1210 2177 1268 2234 est.
1324 2166 1405 2233 Solis

311 2290 422 2333 occasu
451 2291 523 2335 suas
552 2268 657 2354 copias
686 2267 874 2346 Ariovistus,
900 2268 1008 2334 multis
1035 2278 1067 2334 et
1090 2268 1186 2333 illatis
1210 2277 1242 2333 et
1267 2267 1404 2354 acceptis

309 2368 499 2448 vulneribus,
527 2368 559 2432 in
588 2375 692 2434 castra
718 2369 854 2434 reduxit.
900 2368 1004 2450 Quum
1031 2392 1071 2434 ex
1096 2367 1228 2455 captivis
1253 2375 1405 2451 qnaereret

311 2468 423 2546 Oaesar,
439 2492 533 2555 quam
553 2469 593 2534 ob
615 2492 682 2533 rem
704 2469 882 2535 Ariovistus
903 2470 1009 2555 proelio
1023 2491 1085 2533 uon
1101 2468 1295 2542 decertaret;
1323 2468 1405 2532 hanc

310 2569 484 2656 reperiebat
500 2592 651 2650 caussam,
668 2569 752 2654 quod
767 2569 852 2655 apud
869 2570 1043 2635 Germanos
1055 2591 1093 2634 ea
1103 2569 1294 2634 consuetudo
1311 2576 1403 2645 esset,

309 2680 346 2737 ut
361 2679 478 2737 matres
496 2670 623 2737 familia
642 2693 749 2736 eorum
770 2669 906 2736 sortibus
928 2677 960 2734 et
982 2669 1254 2735 vaticinationibus
1269 2668 1407 2734 declara·

309 2779 391 2851 rent,
408 2779 514 2837 utrum
538 2771 679 2856 proelium
700 2770 854 2835 committi
876 2793 916 2835 ex
933 2793 992 2837 usn
1012 2779 1104 2848 esset,
1123 2792 1181 2835 nec
1199 2793 1261 2834 ne:
1288 2769 1405 2835 casita

311 2870 433 2937 dicere:
462 2871 566 2935 “Non
590 2892 657 2937 esse
685 2870 741 2948 fas,
769 2869 943 2937 Germanos
964 2894 1120 2957 superare,
1145 2872 1172 2936 si
1194 2878 1268 2936 ante
1290 2891 1404 2935 noram

309 2969 414 3036 lunam
432 2970 537 3056 proelio
552 2969 814 3038 contendissent.''

357 3071 413 3138 LI.
447 3071 603 3136 Postridie
628 3070 694 3159 ejus
720 3070 783 3136 diei
808 3070 913 3137 Oaesar
946 3069 1090 3159 prasidio
1119 3071 1258 3156 utrisque
1281 3070 1404 3148 castris,

312 3172 397 3256 quod
411 3171 487 3237 satis
502 3194 568 3238 esse
583 3172 683 3239 visum
697 3180 756 3249 est,
772 3172 907 3256 reliquit,
929 3172 1030 3238 omnis
1049 3172 1162 3239 alarios
1182 3173 1215 3237 in
1236 3178 1404 3258 conspectu

311 3271 447 3338 bostium
470 3295 527 3358 pro
548 3274 659 3339 castris
680 3273 851 3338 minoribus
872 3272 1045 3350 constituit,
1069 3272 1154 3358 quod
1176 3272 1278 3339 minus
1299 3271 1406 3337 multi-

313 3373 423 3438 tudine
445 3372 581 3439 militum
609 3372 846 3458 legionariorum
871 3396 928 3460 pro
950 3372 1087 3439 hostium
1115 3396 1244 3438 numero
1268 3373 1404 3449 valebat,

311 3481 349 3538 ut
371 3474 413 3538 ad
434 3474 569 3560 speciem
590 3474 695 3539 alariis
716 3481 866 3539 uteretur.
919 3473 1001 3560 lpse,
1025 3473 1139 3560 triplici
1158 3474 1310 3539 instructa
1327 3473 1404 3550 acie,

313 3596 410 3658 usque
440 3575 481 3639 ad
506 3582 609 3641 castra
635 3574 772 3639 hostium
792 3573 931 3640 accessit.
978 3575 1060 3639 Tum
1082 3575 1209 3639 demum
1232 3572 1406 3637 necessario

313 3674 462 3740 Germani
496 3698 568 3741 suas
594 3675 699 3761 copias
727 3676 839 3739 castris
862 3673 1049 3752 eduxerunt,
1075 3673 1306 3760 generatimque
1333 3694 1405 3736 con-

312 3775 481 3841 stituerunt
500 3776 687 3864 paribusque
708 3774 879 3840 intervallis
894 3773 1050 3852 Harudes,
1068 3774 1317 3851 Marcomannos,
1333 3770 1408 3837 Tri·

313 3877 435 3953 boccos,
467 3876 655 3962 Vangiones,
691 3874 849 3952 Nemetes,
882 3875 1031 3951 &dorma
1062 3874 1190 3950 Suevos,
1220 3894 1405 3957 omnemque

312 3976 410 4041 aciem
425 3999 513 4042 suam
535 3977 641 4042 rhedis
662 3985 695 4041 et
717 3976 813 4041 carris
833 3975 1112 4052 circumdederunt,
1135 3996 1175 4038 ne
1197 3995 1259 4059 qua
1280 3996 1351 4059 spes
1372 3973 1405 4037 in

310 4076 385 4162 fuga
397 4076 632 4162 relinqueretur.
677 4076 726 4140 Εο
738 4076 882 4140 mulieres
894 4075 1116 4161 imposuerunt,
1132 4097 1203 4159 quae
1218 4074 1249 4139 iu
1265 4074 1407 4160 proelium

310 4174 541 4262 proficiscentes
557 4176 673 4241 milites
695 4177 793 4262 passis
807 4176 942 4242 crinibus
956 4173 1065 4241 flentes
1082 4175 1301 4262 implorabant,
1317 4197 1357 4240 ne
1371 4196 1404 4239 se

311 4276 344 4342 in
359 4278 543 4343 servitutem
558 4276 709 4343 Romanis
722 4276 893 4342 traderent.

305 4448 308 4453 ,
356 4377 432 4442 Lll.
459 4379 563 4445 Caesar
590 4376 720 4463 singulis
749 4376 922 4464 legionibus
953 4375 1091 4462 singulos
1111 4375 1233 4463 legatos
1253 4384 1286 4441 et
1308 4396 1407 4459 qnaes-

312 4486 411 4544 torcm
437 4479 586 4566 praefecit,
611 4478 659 4543 nti
683 4501 736 4544 eos
758 4479 848 4544 testis
869 4500 934 4544 snre
959 4476 1086 4562 quisque
1110 4477 1239 4544 virtutis
1263 4474 1405 4541 baberet.
