3246 5078
629 441 921 497 PROLEGOMENA.
1260 455 1326 503 xcv

232 612 345 685 butur3
370 606 520 675 validiore
541 603 625 690 apud
648 627 701 668 eos
717 603 872 678 Arminio,
891 604 1015 688 quando
1030 605 1147 671 bellum
1162 608 1324 674 suadebat.

232 712 315 777 Nam
338 708 489 786 barbaris,
515 712 632 791 quanto
658 705 728 789 quis
751 704 883 769 audacia
910 713 1084 791 promptus,
1111 715 1202 772 tanto
1226 711 1327 795 magis

231 810 322 894 lidus,
348 808 499 893 rebusque
523 807 618 871 motis
643 805 745 891 potior
773 805 917 870 babetur.
975 805 1152 873 Addiderat
1183 809 1327 893 Segestes

232 912 344 998 legatis
365 909 472 987 filium,
496 907 621 972 nomine
644 905 891 992 Segimundum:
918 905 973 972 sed
989 903 1115 992 juvenis
1137 909 1326 976 conscientia

232 1012 458 1078 cunctabatur:
483 1008 597 1093 quippo
618 1028 711 1085 anno,
734 1028 796 1091 quo
811 1005 986 1071 Gemaniae
1002 1007 1167 1088 descivere,
1183 1010 1327 1077 sacerdos

232 1113 317 1198 apud
346 1114 447 1176 Aram
476 1102 631 1172 Ubiorum
659 1114 791 1184 creatus,
821 1113 948 1191 ruperat
975 1108 1082 1186 vittas,
1107 1109 1256 1196 profugus
1284 1111 1327 1175 ad

232 1214 371 1279 rebelles.
415 1209 585 1275 Adductus
601 1216 708 1273 tamen
724 1206 756 1271 in
779 1228 866 1291 spem
888 1206 1060 1272 clementie
1083 1209 1242 1288 Romane,
1258 1234 1326 1297 per-

233 1314 307 1378 tulit
342 1312 440 1398 petris
479 1308 640 1387 mandata,
679 1307 873 1393 benigneque
903 1315 1054 1393 exceptus
1086 1331 1157 1375 cum
1181 1311 1325 1396 praesidio

233 1414 385 1478 Gallicam
408 1412 441 1476 in
462 1409 562 1495 ripam
579 1409 692 1474 missus
709 1416 768 1473 est.
813 1407 1000 1473 Germanico
1014 1409 1150 1494 pretium
1166 1410 1237 1492 fuit,
1254 1434 1326 1478 con-
1381 1454 1384 1461 ,

233 1522 352 1579 vertere
387 1531 524 1598 agmen:
561 1517 795 1596 pugnatumque
832 1509 865 1573 in
908 1508 1095 1587 obsidentes,
1131 1519 1163 1576 et
1202 1520 1356 1599 ereptus'

234 1613 377 1700 Segestes
391 1634 506 1698 magna
523 1633 594 1675 cum
617 1610 859 1695 propinquorum
882 1616 914 1674 et
937 1609 1096 1675 clientium
1119 1630 1225 1679 manu.
1271 1612 1335 1677 In-‘

232 1723 319 1779 erant
333 1714 456 1778 feminea
470 1711 601 1786 nobiles,
616 1711 698 1775 inter
713 1732 790 1794 quas
811 1732 892 1774 uxor
906 1709 1054 1788 Arminii,
1070 1711 1240 1797 eademque
1261 1712 1327 1780 filia

233 1813 380 1900 Segestis,
406 1811 511 1877 mariti
536 1811 636 1896 magis
661 1832 756 1895 quam
781 1810 920 1895 parentis
942 1810 1057 1891 animo,
1071 1835 1171 1897 neque
1187 1813 1271 1879 vieto
1291 1815 1324 1879 in

231 1913 386 1991 lacrimas,
401 1934 500 1995 neque
514 1933 589 1976 voce
602 1910 751 1995 supplex,
760 1910 942 1995 compressis
958 1911 1041 1976 intra
1055 1912 1157 1978 sinum
1172 1915 1325 1994 manibus,

228 2013 397 2100 gravidum
427 2019 552 2075 utemm
576 2011 711 2076 intuens.
775 2009 803 2073 F
805 2010 972 2076 erebautur
994 2020 1026 2077 et
1055 2013 1154 2098 spolie
1179 2012 1326 2081 Varianae

230 2112 340 2189 cladis,
369 2110 521 2198 plerisque
549 2132 677 2186 eorum,
695 2110 748 2193 qui
773 2118 841 2174 turn
868 2111 901 2175 in
931 2111 1121 2178 deditionem
1147 2115 1326 2192 veniebant,

228 2213 344 2300 praedm
368 2212 454 2277 data.
499 2209 600 2274 Simul
628 2208 773 2295 Segestes
795 2212 861 2295 ipse
885 2211 993 2296 ingens
1013 2214 1092 2291 visu,
1119 2220 1151 2279 et
1175 2217 1326 2283 memoria

233 2315 321 2380 bone
336 2310 494 2380 societatis
510 2309 705 2395 impavidus:
730 2310 825 2375 verba
839 2307 906 2396 ejus
919 2312 952 2375 in
966 2312 1050 2377 hunc
1064 2314 1192 2379 modum
1206 2315 1303 2381 fuere.

283 2412 414 2480 LVIII.
437 2420 457 2449 “
472 2409 549 2476 Non
571 2410 622 2475 hic
645 2410 720 2475 mibi
743 2411 862 2495 primus
888 2433 961 2496 erga
981 2413 1130 2497 populum
1145 2413 1322 2481 Romanum

233 2512 305 2580 fidei
330 2524 363 2580 et
387 2511 572 2579 constantiae
601 2511 686 2576 dies:
723 2532 764 2575 ex
789 2532 851 2594 quo
878 2533 899 2576 e
926 2511 999 2575 divo
1025 2513 1171 2598 Angusto
1197 2515 1324 2582 civitate

233 2614 367 2681 donatus
379 2636 458 2691 sum,
469 2611 588 2679 amicos
601 2611 802 2696 inimicosque
817 2633 857 2676 ex
872 2612 983 2677 vestris
997 2613 1188 2679 utilitatibus
1202 2614 1322 2701 delegi:

233 2737 333 2800 neque
360 2714 432 2779 odio
458 2711 569 2799 patriae
596 2712 724 2798 (quippe
752 2712 935 2798 proditores,
963 2713 1059 2777 etiam
1083 2713 1121 2778 iis
1142 2737 1219 2799 quos
1232 2723 1323 2781 ante-

233 2824 362 2900 ponunt,
385 2814 475 2880 invisi
500 2815 600 2895 sunt),
619 2835 727 2878 verum
744 2814 817 2897 quia
833 2812 985 2879 Romanis
1002 2813 1227 2900 Germanisque
1241 2816 1324 2882 idem

233 2916 427 2991 conducetur
454 2921 486 2980 et
503 2936 622 2999 poeem,
638 2935 731 2997 quam
747 2912 862 2977 bellum
884 2912 1064 2999 probabam.
1117 2913 1204 3001 Ergo
1217 2925 1325 3003 rapto·

231 3037 297 3080 rem
326 3014 397 3080 filiae
425 3037 511 3093 mere,
544 3012 726 3078 violatorem
757 3012 879 3078 loederis
903 3014 998 3079 vestri
1024 3015 1214 3094 Arminium,
1239 3018 1324 3103 apud

234 3113 366 3195 Varum,
399 3116 451 3199 qui
491 3122 560 3179 tum
587 3113 738 3178 exercitui
765 3112 962 3197 presidebat,
985 3137 1074 3180 reum
1097 3116 1175 3182 feci:
1208 3117 1325 3185 dilatus

232 3216 366 3302 segnitie
387 3215 485 3293 ducis,
509 3215 582 3299 quia
602 3236 713 3298 parum
735 3213 868 3298 praesidii
884 3214 915 3278 in
932 3215 1052 3301 legibus
1066 3223 1143 3294 erut,
1159 3223 1195 3282 ut
1209 3241 1272 3294 me,
1290 3228 1323 3284 et

232 3315 421 3393 Arminium,
449 3322 482 3380 at
505 3314 644 3379 conscios
668 3313 809 3393 vinciret,
835 3311 985 3399 flagitavi.
1045 3316 1149 3383 Testis
1171 3317 1225 3383 ille
1247 3341 1323 3394 nox,

231 3415 309 3481 milri
335 3415 458 3481 utinam
482 3413 587 3500 potius
614 3412 804 3479 novissime!
868 3413 946 3497 Ques
971 3425 1078 3483 secuta
1104 3426 1187 3496 sunt,
1215 3416 1321 3483 dederi

230 3516 340 3601 magis,
371 3538 465 3600 qnam
502 3513 628 3579 defendi
663 3521 812 3598 possunt:
852 3524 988 3579 ceterum
1017 3524 1050 3582 et
1076 3514 1168 3603 injeci
1197 3526 1324 3584 catenas

229 3616 385 3693 Arminio,
405 3623 438 3680 et
462 3638 483 3680 a
505 3613 639 3679 factione
664 3612 731 3700 ejus
753 3612 884 3701 injectas
906 3637 1068 3700 perpessus
1090 3639 1170 3683 sum.
1215 3618 1324 3703 Atque

229 3715 284 3781 ubi
307 3716 443 3802 primum
466 3714 513 3781 tui
539 3713 637 3799 copia,
661 3721 769 3779 vetera
790 3713 890 3792 novis,
913 3723 945 3780 et
969 3717 1074 3800 quieta
1087 3717 1221 3784 turbidis
1235 3727 1323 3783 ante-

229 3816 349 3881 habeo:
376 3839 476 3900 nequo
501 3815 542 3880 ob
567 3813 739 3899 premium,
765 3814 821 3880 sed
844 3822 881 3879 ut
909 3837 959 3880 mo
985 3815 1115 3901 perfidia
1140 3819 1320 3893 exsolvam

229 3916 321 3982 simul
337 3917 424 4003 genti
447 3916 674 3982 Germanomm
697 3913 828 3980 idoneus
849 3915 1037 3996 conciliator,
1060 3917 1086 3982 si
1108 3918 1323 4003 poenitentiam

228 4040 322 4103 quam
340 4017 506 4103 perniciem
530 4014 687 4079 maluerit.
738 4014 802 4079 Pro
811 4012 945 4101 juventa
961 4024 993 4081 et
1010 4038 1113 4084 errore
1127 4015 1183 4082 filii
1198 4019 1321 4084 veniam

227 4139 357 4203 precor:
385 4117 480 4183 filiam
506 4115 689 4181 necessitate
711 4116 773 4181 buc
799 4115 971 4181 adductam
993 4117 1113 4183 fateor:
1148 4127 1238 4184 tuum
1263 4119 1324 4185 erit

226 4218 412 4296 consultare,
435 4226 542 4283 utrum
567 4215 747 4301 praevnleat‚
763 4216 846 4303 quod
872 4239 913 4281 ex
936 4217 1080 4282 Arminio
1105 4219 1255 4304 concepit,
1280 4242 1319 4285 an

225 4318 310 4404 quod
338 4341 378 4383 ex
396 4341 447 4384 me
470 4317 577 4403 genita
602 4315 681 4380 est.”
732 4317 846 4396 Caesar,
871 4317 1014 4383 clementi
1039 4339 1194 4403 responso,
1218 4318 1322 4383 liberis

224 4408 465 4505 propinquisque
490 4414 557 4503 ejus
578 4416 836 4495 incolumitatem,
859 4418 918 4502 ipsi
939 4415 1046 4481 sedem
1060 4417 1188 4499 Vetera,
1203 4418 1235 4483 in
1250 4440 1323 4503 pro-
