3246 5078
285 437 329 484 Χο
558 428 635 483 ΤΠΕ
657 427 839 483 naamam(
863 427 911 484 OF
935 428 1101 486 Tacitus,

284 587 477 674 perfugium3
501 594 648 674 totusque
673 612 713 653 ex
738 592 819 655 male
843 590 1038 656 dissimulato
1064 590 1178 675 agebat
1208 592 1374 664 aemulum;

283 689 525 773 exercitumque,
552 713 642 775 quem
675 713 748 754 axx.
781 690 913 756 millium
948 691 1099 776 peditum,
1129 699 1264 775 quatuor
1292 693 1376 776 equi÷

282 795 361 867 tum,
391 789 518 868 fecerat,
549 789 682 855 assiduis
713 790 862 857 adversus
893 789 1041 856 finitimos
1069 790 1159 856 bellis
1190 791 1372 867 exercendo,

281 887 401 976 majori,
427 912 521 975 quam
554 889 637 974 quod
666 890 814 969 habebat,
849 890 934 976 operi
966 891 1173 977 praeparabat.
1236 890 1376 976 Eratque

281 991 377 1055 etiam
398 1013 435 1054 eo
457 988 624 1068 timendus,
647 990 739 1075 quod,
763 1013 834 1056 cnm
858 990 1059 1055 Germaniam
1080 990 1122 1055 ad
1147 991 1258 1058 laevam
1283 1001 1316 1058 et
1341 992 1374 1057 in

280 1090 392 1167 fronte,
408 1088 605 1155 Pannoniam
622 1090 663 1155 ad
679 1090 836 1168 dextram,
857 1114 878 1155 a
898 1100 986 1176 tergo
1002 1090 1122 1157 sedium
1137 1113 1263 1157 suarum
1279 1092 1375 1157 habe·

279 1198 329 1255 ret
351 1190 492 1267 Noricos,
515 1198 677 1275 tamquam
699 1190 732 1255 in
756 1213 864 1256 omnes
886 1213 1007 1277 semper
1029 1198 1188 1271 venturus,
1210 1192 1252 1257 ab
1271 1183 1373 1257 vomui·

280 1291 339 1356 bus
355 1290 535 1356 timebatur.
580 1290 648 1356 Nec
662 1313 803 1357 securam
825 1291 1008 1356 incrementi
1032 1288 1080 1358 sui
1105 1292 1286 1376 patiebatur
1308 1315 1374 1358 esse

279 1389 424 1455 Italiam:
463 1388 579 1476 quippe
610 1413 681 1456 cum
709 1414 730 1456 a
758 1391 887 1458 summis
903 1391 1034 1478 Alpium
1057 1390 1154 1478 jugis,
1183 1416 1251 1477 quaa
1277 1392 1373 1458 finem

280 1490 381 1556 Italia
404 1491 584 1570 terminant,
609 1491 734 1556 initium
761 1489 828 1578 ejus
853 1490 961 1557 finium
989 1492 1075 1557 haud
1100 1491 1201 1557 multo
1229 1492 1300 1578 plus
1326 1516 1369 1558 oo.

277 1591 414 1657 millibus
446 1613 593 1677 passuum
623 1591 756 1657 abesset.
820 1592 917 1657 Hunc
937 1592 1039 1657 virum
1059 1600 1092 1657 et
1111 1591 1192 1657 banc
1213 1594 1371 1679 regionem

275 1692 421 1778 proximo
435 1713 517 1757 anno
532 1692 662 1757 dirersis
681 1714 699 1755 e
719 1691 861 1777 partibus
882 1692 954 1758 Tib.
977 1693 1082 1759 Caesar
1103 1693 1232 1779 aggredi
1246 1694 1370 1759 statuit.

277 1792 385 1858 Sentio
400 1791 569 1858 Saturnino
586 1792 780 1872 mandatum,
803 1799 840 1857 ut
860 1815 914 1878 per
935 1792 1055 1871 Uettus,
1071 1793 1183 1859 excisis
1209 1794 1371 1859 continen-

276 1893 361 1959 tibus
378 1892 547 1979 Hercynias
562 1892 656 1971 silvia,
676 1891 812 1978 legiones
833 1891 1049 1958 Boiohoemum
1068 1893 1116 1974 (id
1130 1892 1259 1980 regioni,
1277 1916 1370 1979 quam

277 1992 433 2058 incolebat
450 1991 673 2072 Maroboduus,
688 2015 801 2057 nomen
818 1992 881 2075 ast)
902 1993 1054 2068 duceret;
1077 1994 1144 2080 ipse
1160 2016 1181 2058 a
1198 1994 1369 2073 Gamunto,

276 2093 329 2177 qui
343 2094 429 2158 locus
448 2092 553 2158 Norici
574 2092 661 2177 regni
682 2091 842 2178 proximus
860 2094 901 2158 ab
915 2093 975 2158 bac
989 2104 1078 2179 parte
1094 2101 1172 2173 erat,
1187 2095 1370 2173 exercitum,

275 2194 328 2278 qui
343 2194 376 2259 iu
392 2190 518 2280 Illyrico
531 2188 683 2272 merebat,
700 2192 813 2258 ducere
827 2193 858 2257 in
876 2194 1120 2259 Marcomannos
1134 2216 1221 2259 orsus
1236 2204 1294 2260 est.

681 2388 769 2431 mu.
784 2389 909 2431 aarum.
928 2388 962 2434 ΙΙ.

318 2488 467 2557 GXVII.
490 2489 629 2556 Tantum
650 2490 736 2575 quod
760 2490 903 2555 ultimam
920 2490 1111 2576 imposuerat
1128 2491 1310 2557 Pannonico
1330 2514 1368 2557 ac

276 2591 453 2657 Delmatico
481 2591 563 2657 ballo
596 2590 700 2657 Gaesar
728 2613 867 2669 manum,
897 2613 979 2669 cum,
1013 2591 1095 2657 intra
1128 2591 1263 2677 quinque
1295 2615 1369 2657 con·

274 2691 421 2758 summati
450 2692 532 2757 tanti
556 2692 658 2778 operis
683 2689 758 2770 dies,
790 2690 921 2756 funestae
948 2714 989 2756 ex
1022 2691 1192 2757 Germania
1220 2692 1368 2779 epistola,

274 2793 344 2859 caesi
358 2792 446 2870 Vari,
460 2791 747 2876 trucidatammqua
757 2791 914 2876 legionum
925 2792 1022 2857 trium
1034 2792 1228 2878 totidemque
1239 2793 1369 2871 alarum,

275 2904 307 2958 et
333 2914 390 2959 sex
418 2890 609 2957 cohortium:
634 2891 775 2956 velutin
798 2891 857 2955 hoc
882 2891 994 2956 saltem
1021 2893 1242 2958 tantummodo
1267 2894 1369 2959 indul·

273 2999 369 3080 genta
385 2991 474 3057 nobis
492 2991 646 3069 Fortuna,
668 3014 709 3057 ne
730 2999 883 3077 occupato
905 2990 994 3057 duce.
1046 2991 1111 3058 Sed
1128 3015 1223 3059 causa
1245 3002 1278 3059 et
1300 3017 1371 3080 per·

274 3115 350 3159 sona
370 3114 491 3157 moram
517 3092 627 3177 exigit.
680 3090 786 3158 Varus
807 3091 1004 3176 Quinctilius,
1023 3093 1120 3158 nobili
1141 3094 1249 3180 magis,
1276 3116 1369 3179 quam

274 3192 387 3258 illustri
408 3201 496 3258 ortus
518 3192 648 3269 familia,
676 3193 725 3257 vir
747 3192 871 3278 ingenio
895 3192 989 3271 mitis,
1013 3193 1151 3259 moribus
1175 3194 1308 3279 quietus,
1330 3201 1368 3259 ut

274 3315 413 3379 corpore,
435 3292 483 3358 ita
504 3293 610 3358 animo
636 3292 834 3370 immobilior,
857 3294 922 3358 otio
942 3293 1044 3379 magis
1066 3302 1249 3375 castrorum,
1276 3318 1369 3380 quam

273 3392 391 3459 bellica
412 3400 555 3459 assuetus
576 3393 715 3458 militiae:
739 3392 879 3480 pecunia
899 3415 973 3458 vero
993 3416 1088 3479 quam
1105 3418 1168 3459 non
1185 3404 1371 3470 contemtor,

274 3492 377 3581 Syria,
396 3494 446 3559 oui
461 3493 635 3580 praefuerat,
652 3493 821 3560 declaravit
834 3519 844 3569 ;
868 3515 962 3579 quam
976 3517 1095 3580 pauper
1110 3495 1240 3561 divitem
1252 3496 1371 3581 ingres·

273 3616 336 3672 sus,
362 3594 449 3660 dives
470 3617 638 3680 pauperem
662 3593 797 3679 reliquit.
849 3594 883 3660 Is
903 3616 976 3659 cum
992 3595 1154 3674 exercitui,
1177 3597 1230 3681 qni
1252 3603 1320 3661 erat
1336 3596 1368 3660 iu

274 3694 455 3772 Germania,
468 3702 623 3780 praesset,
640 3694 783 3780 concepit
793 3717 861 3760 esse
869 3694 1023 3772 homines,
1038 3696 1091 3780 qui
1103 3696 1181 3761 nibil
1193 3705 1369 3783 pratarvo·

273 3817 341 3860 cem
352 3795 552 3880 membraque
562 3794 714 3861 baberent
723 3796 884 3860 hominum
898 3820 907 3871 ;
924 3794 1038 3879 quique
1046 3795 1159 3882 gladiis
1172 3796 1292 3861 domari
1305 3818 1369 3861 non

273 3903 430 3980 poterant,
449 3917 539 3982 posse
558 3893 632 3982 jure
651 3896 790 3961 mulceri.
839 3895 909 3978 Quo
925 3896 1084 3981 proposito
1100 3896 1236 3961 mediam
1252 3896 1368 3983 ingres-

273 4017 327 4061 sus
337 3995 548 4072 Germaniam,
563 3996 649 4061 velut
660 3995 836 4062 interritos
846 3995 932 4082 pacis
945 3995 1119 4082 gaudentes
1134 3995 1306 4077 dulcedine,
1317 3995 1369 4084 ju-

273 4095 512 4176 risdictionibus,
522 4094 704 4181 agendoque
717 4117 773 4180 pro
784 4095 932 4161 tribunali
948 4096 1069 4172 ordine,
1087 4095 1232 4161 trahebat
1249 4097 1367 4163 aestiva.

318 4194 488 4262 cxvlll.
511 4194 559 4259 At
575 4196 631 4273 illi,
646 4195 729 4280 quod
746 4196 805 4261 nisi
822 4203 971 4282 expertus
986 4196 1040 4261 vix
1057 4194 1175 4275 credat,
1190 4196 1224 4260 in
1245 4219 1368 4262 summa

273 4297 397 4363 feritate
423 4295 636 4375 versutissimi,
662 4303 833 4381 natumque
861 4296 1024 4363 mandacio
1051 4318 1159 4384 genus,
1187 4296 1370 4362 simulantes

274 4396 363 4466 fictas
391 4397 495 4464 litium
517 4396 620 4477 serias,
643 4405 675 4461 et
698 4419 781 4463 nuno
802 4405 1007 4482 provocantes
1027 4401 1107 4467 alter
1126 4399 1261 4465 altemm
1289 4395 1371 4484 inju-
