3246 5078
628 448 923 506 rnonnoonnna.
1267 444 1326 515 otii

228 612 363 692 humine,
397 611 524 699 ejusque
554 612 704 679 immenso
731 634 784 677 ore
813 610 948 677 eundem
977 612 1010 677 in
1040 613 1200 683 Oceanum
1227 619 1325 686 offun-

228 714 323 779 ditur.

272 814 354 879 VII.
378 812 443 879 Sed
474 815 587 892 Oaesar,
613 813 689 879 dum
720 812 891 900 adiguntur
911 836 1019 890 naves,
1047 814 1158 880 Silium
1181 817 1320 905 legatum

226 938 299 980 eum
321 915 468 1000 expedita
484 936 580 979 menn
594 913 803 998 inruptionem
820 937 853 979 m
868 914 979 980 Cattos
993 915 1094 981 faeere
1103 899 1215 1002 jbbet:
1242 919 1318 1005 ipse,

225 1016 335 1082 audito
369 1015 533 1082 castellum
570 1013 700 1100 Luppiae
739 1010 858 1079 flumini
883 1014 1062 1100 adpositum
1089 1016 1234 1100 obsideri,
1263 1042 1319 1087 sex

224 1116 361 1202 legiones
389 1139 427 1181 eo
456 1115 560 1181 duxit.
619 1114 729 1199 Neque
762 1113 838 1180 Sino
869 1114 910 1179 cb
941 1115 1061 1182 subitos
1089 1117 1204 1184 imbres
1232 1119 1319 1186 aliud

223 1226 341 1295 actum,
356 1239 451 1302 quam
464 1224 501 1281 nt
516 1215 671 1280 modicam
686 1213 833 1301 predam,
852 1222 885 1279 et
897 1215 978 1300 Arpi
993 1216 1140 1302 principis
1153 1218 1318 1288 Cattorum

223 1314 385 1404 conjugem
421 1315 578 1401 filiamque
603 1323 744 1402 raperet:
778 1337 878 1399 neque
910 1314 1025 1381 Oaesari
1054 1316 1177 1403 copiam
1205 1342 1318 1408 pugnae

222 1418 395 1485 obsessores
409 1417 521 1493 fecere,
536 1416 578 1481 ed
593 1417 709 1482 famam
726 1415 881 1481 adventus
897 1413 964 1502 ejus
981 1415 1103 1502 dilapsi.
1147 1418 1316 1488 Tumulum

221 1524 327 1583 tamen
349 1541 449 1604 nuper
471 1516 619 1583 Varianis
640 1516 812 1603 legionibus
832 1524 997 1593 structum,
1021 1525 1054 1582 et
1076 1530 1213 1584 veterem
1229 1544 1316 1588 aram

222 1616 326 1685 Druso
357 1619 450 1685 sitam
480 1615 683 1704 disjecerant:
719 1616 856 1682 restituit
879 1638 987 1692 aram:
1022 1617 1191 1703 honorique
1218 1622 1316 1706 patris

220 1719 362 1805 princeps
385 1720 452 1805 ipse
475 1742 546 1783 cum
571 1718 743 1804 legionibus
768 1717 953 1783 decucurrit.
1006 1718 1175 1784 Tumulnm
1201 1721 1315 1788 iterare

220 1818 305 1884 haud
322 1820 441 1885 visum:
466 1827 499 1884 et
513 1826 627 1883 cuncta
642 1817 725 1883 inter
738 1818 900 1885 castellum
915 1816 1088 1897 Alisonem,
1103 1841 1141 1884 ec
1156 1819 1314 1902 Rhenum,

223 1920 313 1985 novis
327 1919 488 1997 limitibus,
503 1919 728 2006 aggeribusque
741 1918 928 2004 permunita.

265 2018 367 2085 VIII.
388 2017 525 2103 Jamque
545 2017 650 2084 classis
669 2017 848 2097 advenerat,
866 2041 938 2084 cum
952 2020 1111 2105 praemisso
1125 2031 1313 2103 commeatu,

220 2128 254 2185 et
267 2118 442 2186 distributis
454 2119 487 2183 in
496 2117 631 2204 legiones
643 2140 680 2183 ec
693 2118 791 2183 socios
800 2118 940 2197 naribus,
950 2118 1075 2199 fossam,
1091 2121 1141 2186 cui
1151 2121 1315 2188 Drusianoe

220 2242 345 2298 nomen,
360 2220 525 2305 ingressus,
542 2225 746 2304 precatusque
761 2216 900 2284 Drusum
922 2227 1054 2304 patrem,
1071 2226 1091 2256 ‘⁴
1102 2229 1139 2286 ut
1156 2244 1189 2286 se
1204 2222 1314 2288 eadem

219 2343 340 2398 ausum,
365 2315 467 2386 libens
491 2319 692 2403 placatusque
713 2318 856 2403 exemplo
881 2340 919 2383 ae
943 2319 1093 2384 memoria
1117 2322 1315 2388 consiliomm

220 2429 313 2505 atquo
342 2442 472 2506 operum
491 2418 637 2505 juvaret:
652 2418 671 2445 ”
701 2417 787 2483 lacus
814 2417 886 2483 iude
911 2425 943 2483 et
961 2417 1122 2485 Oceanum
1149 2445 1246 2506 usque
1273 2423 1315 2488 ad

220 2520 375 2588 Amisiam
406 2518 522 2585 flumen
559 2518 696 2586 secunda
730 2517 930 2604 navigatione
969 2519 1169 2604 pervehitur:
1211 2523 1315 2589 classis

220 2619 351 2688 Amisiae
381 2620 500 2699 relicte,
527 2622 605 2685 lavo
630 2642 742 2693 amne;
781 2628 980 2703 erratumque
1009 2618 1041 2682 in
1068 2643 1115 2697 eo,
1143 2621 1227 2704 qnod
1251 2645 1314 2688 non

218 2721 383 2787 subvexit:
412 2721 604 2807 transposuit
628 2720 761 2785 militem
782 2719 911 2786 dextras
933 2720 965 2784 in
983 2726 1082 2785 terras
1106 2720 1243 2785 iturum:
1268 2722 1314 2787 ita

217 2822 323 2907 plures
348 2822 414 2888 dies
436 2819 603 2887 efficiendis
625 2821 771 2907 pontibus
792 2819 960 2906 absumpti·
1011 2817 1056 2884 Et
1079 2844 1172 2905 eques
1187 2821 1313 2906 quidem

217 2945 256 2988 ac
278 2922 415 3009 legiones
441 2922 543 3008 prima
562 2920 714 3000 estuaria,
731 2920 870 2985 nondum
892 2920 1091 2986 adcrescente
1105 2920 1201 3000 unda,
1216 2923 1311 2987 intre-

218 3023 285 3111 pidi
307 3024 474 3089 transiere:
513 3030 705 3109 postremum
726 3020 914 3086 auxiliorum
936 3043 1058 3107 agmen,
1082 3019 1257 3108 Batavique
1279 3023 1311 3088 in

217 3132 308 3209 parte
322 3146 369 3202 ea,
385 3123 460 3189 dnm
475 3122 627 3189 insultant
641 3121 741 3207 aquis,
758 3128 919 3205 artemque
934 3120 1031 3186 naudi
1052 3130 1222 3200 ostentant,
1246 3132 1311 3189 tur·

216 3224 292 3302 bati,
308 3232 342 3288 et
356 3223 483 3308 quidam
497 3223 602 3289 hausti
616 3231 700 3289 sunt.
746 3221 884 3287 Metanti
899 3229 1002 3287 castra
1025 3220 1143 3288 Oaesari
1157 3223 1314 3310 Angriva-

213 3325 332 3390 riorum
357 3323 490 3389 defeetio
514 3346 534 3388 a
560 3330 649 3409 tergo
675 3321 857 3387 nuntiator:
900 3321 1013 3388 missus
1039 3321 1120 3387 illico
1145 3323 1314 3392 Stertinius

216 3446 289 3489 oum
312 3426 416 3510 equite
438 3432 470 3489 et
493 3432 653 3490 armatura
675 3423 745 3503 levi,
762 3421 834 3509 igne
851 3432 884 3488 et
901 3420 1038 3488 cedibus
1052 3421 1214 3508 perfidiam
1227 3425 1313 3492 ultus

216 3532 275 3591 est.

259 3625 326 3690 IX.
350 3624 485 3690 Flumen
503 3623 647 3709 Visurgin
670 3624 829 3689 Romanos
843 3622 1075 3708 Chemscosque
1088 3621 1308 3690 interfluebat:

216 3723 283 3811 ejus
307 3726 340 3791 in
356 3727 425 3812 ripa
441 3747 513 3789 eum
528 3723 639 3790 ceteris
665 3723 851 3808 primoribus
866 3722 1029 3789 Arminius
1050 3723 1184 3803 adstitit,
1201 3726 1310 3807 quasi·

213 3833 307 3910 toque
332 3833 403 3891 “an
422 3825 526 3891 Oaesar
540 3822 721 3917 venissetl''
748 3831 912 3908 postquam
941 3830 960 3859 “
969 3822 1078 3889 adesse
1087 3824 1107 3851 ''
1130 3845 1311 3909 responsum

213 3933 272 4003 eet,
290 3933 357 3991 “ut
373 3926 481 3991 liceret
495 3947 567 3990 cum
581 3924 677 3989 fratre
690 3923 833 4007 conloqui
841 3923 860 3951 ”
876 3923 987 3989 oravit.
1041 3923 1122 3990 Erat
1134 3924 1161 3989 is
1174 3923 1207 3988 in
1223 3946 1312 3990 exer·

215 4026 281 4092 citu
303 4032 510 4112 cognomento
534 4024 672 4104 Flavius,
696 4023 825 4110 insignis
846 4022 920 4098 lide,
938 4030 971 4088 et
992 4024 1106 4090 amisso
1128 4047 1183 4110 per
1199 4025 1312 4092 vulnus

214 4127 306 4191 oculo
327 4127 434 4212 paucis
455 4135 529 4191 ante
548 4125 648 4203 annis,
665 4123 743 4190 duce
758 4123 904 4189 Tiberio:
929 4132 996 4189 tam
1010 4126 1216 4210 permissum:
1240 4149 1312 4211 pro·

213 4249 398 4313 gressusque
426 4227 582 4293 salutatur
606 4225 647 4291 ab
672 4225 838 4290 Arminio:
872 4223 925 4309 qui
947 4225 1061 4292 amotis
1085 4225 1308 4311 stipatoribus3

213 4334 235 4362 “
247 4335 286 4393 nt
299 4327 455 4414 sagittarii
470 4334 646 4412 nostrapte
660 4326 730 4411 ripa
744 4324 885 4411 dispositi
899 4324 1131 4404 abscederent,”
1149 4326 1308 4411 postulat3

211 4435 245 4493 et
267 4435 433 4516 postquam
458 4425 598 4513 digressi,
622 4426 736 4490 “unde
751 4449 788 4491 ea
816 4424 997 4491 deformitas
1014 4425 1123 4492 orist''
1138 4424 1311 4510 interrogat
