3202 5076
278 414 379 485 lxxiv
556 429 632 485 'ran
657 428 838 485 acaunus
864 430 913 485 or
938 431 1105 489 userius.

276 600 381 667 Gallia
407 602 591 678 delectatur,
621 622 750 685 quaeque
781 598 921 684 impenso
946 609 1059 685 parant
1087 601 1197 687 pretio,
1228 602 1377 671 Germani

275 703 492 788 importatitiis
508 724 571 767 uon
585 707 737 766 utuntm:
761 699 816 765 sed
831 723 901 784 quae
917 707 991 765 suut
1007 700 1093 787 apud
1110 726 1163 768 eos
1178 710 1377 796 natapreva

275 815 370 886 atque
385 802 547 879 deformia,
566 802 633 867 haec
650 799 831 885 quotidiana
852 801 1088 880 exercitatione,
1113 804 1227 869 summi
1249 814 1287 870 nt
1311 808 1375 872 sint

274 902 399 980 laboris,
417 901 566 968 efficiunt.
611 900 818 984 Equestribus
842 900 956 986 proeliis
970 923 1052 987 sape
1068 924 1108 966 ex
1123 905 1210 988 equis
1225 904 1374 971 desiliunt

274 1025 312 1073 uc
342 1002 472 1089 pedibus
502 1002 704 1089 proeliantm;
736 1023 891 1085 equosque
918 1000 1028 1066 eodem
1054 1025 1213 1070 remanere
1240 1006 1372 1093 vestigio

274 1103 511 1180 adsuefaciunt;
535 1102 577 1168 ad
602 1124 678 1187 quos
694 1124 728 1167 se
744 1102 895 1182 celeriter,
914 1124 1009 1186 quum
1025 1125 1101 1168 usus
1116 1111 1177 1180 est,
1194 1104 1370 1191 recipiunt:

274 1226 374 1287 neque
389 1227 497 1269 eorum
513 1204 652 1269 moribus
667 1201 790 1311 qurpius
804 1202 974 1286 quidquam
997 1210 1053 1267 aut
1074 1202 1204 1270 inertius
1225 1206 1370 1283 habetur,

274 1326 367 1387 quam
385 1304 539 1391 ephippiis
554 1303 613 1370 uti.
658 1302 770 1387 Itaque
789 1302 831 1367 ad
857 1303 997 1387 quemvis
1017 1325 1183 1369 numerum
1206 1304 1371 1392 ephippia·

274 1412 377 1469 torum
392 1405 544 1490 equitum,
562 1402 703 1488 quamvis
723 1401 824 1489 pauci,
847 1402 934 1467 adire
955 1402 1085 1469 audente
1129 1403 1248 1470 Vinum
1271 1406 1313 1471 ad
1336 1429 1370 1473 se

273 1505 399 1569 omnino
416 1506 578 1592 importari
593 1527 655 1569 non
670 1503 787 1580 sinunt,
803 1502 886 1587 quod
900 1525 938 1567 ea
951 1524 985 1567 re
999 1503 1042 1567 ad
1056 1503 1193 1570 laborem
1206 1505 1370 1573 ferendum

273 1605 485 1671 remollescere
501 1605 643 1670 homines
657 1614 752 1687 etque
769 1602 939 1667 effeminari
954 1603 1156 1672 arbitrantur.

318 1705 384 1773 ΙΙΙ.
407 1706 538 1770 Publice
565 1704 736 1770 maximam
760 1710 875 1789 putant
908 1725 974 1768 esse
997 1703 1133 1781 laudem,
1164 1727 1259 1789 quam
1282 1705 1370 1772 latis-

274 1805 385 1871 simeo
408 1806 472 1871 suis
490 1804 603 1871 linibus
619 1827 730 1871 vacare
753 1825 862 1889 agros:
890 1803 950 1867 hec
972 1825 1006 1867 re
1027 1803 1202 1889 significari,
1219 1828 1368 1892 magnum

273 1928 438 1971 numerum
463 1905 628 1971 civitatum
651 1926 740 1969 suam
763 1904 826 1968 vim
847 1903 999 1969 sustinere
1021 1926 1085 1968 non
1108 1927 1210 1991 posse.
1254 1907 1367 1993 ltaque

271 2029 335 2071 una
359 2029 399 2071 cx
416 2015 506 2092 parte
522 2029 542 2071 a
558 2004 669 2071 Suavis
684 2004 807 2069 circiter
822 2003 921 2069 millia
935 2026 1083 2090 passuum
1107 2029 1154 2070 nc.
1172 2007 1240 2092 agri
1254 2030 1366 2073 vacare

272 2107 429 2172 dicuntur.
472 2106 529 2171 Ad
553 2106 684 2171 alteram
709 2112 831 2190 partem
853 2103 1025 2169 succedunt
1043 2103 1121 2171 Ubii
1140 2107 1287 2190 (quornm
1306 2108 1367 2174 fuit

271 2206 382 2272 civitas
404 2207 509 2292 ampla
532 2214 626 2292 atque
650 2203 775 2282 florens,
802 2212 839 2270 ut
861 2213 909 2269 est
930 2212 1042 2290 captus
1061 2205 1314 2290 Germanorum),
1333 2217 1366 2273 et

269 2307 383 2392 paullo,
412 2330 505 2393 quem
531 2314 605 2372 sunt
634 2302 773 2391 ejusdem
798 2304 930 2391 generis,
960 2313 993 2369 et
1016 2307 1127 2372 ceteris
1158 2306 1365 2385 humaniores,
1439 2316 1452 2347 ‘

268 2415 433 2494 propterea
456 2408 539 2493 quod
566 2406 712 2472 Rhenum
736 2406 906 2491 adtingunt
929 2406 1124 2490 multumque
1146 2406 1188 2471 ad
1211 2429 1264 2471 eos
1285 2430 1364 2472 mer·

270 2516 391 2574 catores
407 2509 566 2574 ventitant
582 2514 615 2573 et
635 2507 693 2592 ipsi
713 2515 841 2593 propter
859 2505 1125 2592 propinquitatem
1142 2505 1272 2571 Gallicis
1290 2516 1364 2574 sunt

268 2609 407 2675 moribus
437 2608 620 2675 adsuefacti.
674 2606 745 2672 Hos
773 2628 869 2690 quum
898 2605 1002 2683 suevi,
1025 2606 1134 2672 multis
1162 2628 1246 2692 saepe
1272 2607 1364 2675 bellis

267 2710 390 2795 experti
414 2717 540 2796 propter
558 2706 795 2793 amplitudinem
818 2705 1065 2791 gravitatemque
1087 2706 1233 2784 civitatis,
1249 2705 1364 2775 linibus

267 2810 421 2894 expellere
447 2831 509 2873 non
535 2807 719 2894 potuissent,
746 2814 853 2871 temen
875 2806 1044 2893 vectigales
1067 2807 1130 2874 nbi
1157 2808 1297 2874 fecerunt
1324 2831 1362 2874 ac

266 2909 366 2973 multo
380 2908 559 2973 humiliores
574 2904 816 2991 infirmioresque
830 2905 1028 2992 redegerunt.

270 3046 274 3052 ·
311 3007 373 3076 IV.
410 3007 448 3072 Iu
476 3007 586 3072 eadem
617 3028 727 3073 caussa
754 3007 883 3072 fuemut
913 3005 1062 3092 Usipetes
1092 3015 1126 3073 et
1158 3007 1361 3088 Teuchtheri,

267 3130 344 3194 quos
360 3131 454 3195 supra
469 3107 615 3188 diximus
634 3107 686 3192 qui
705 3108 879 3193 complures
897 3129 995 3172 anuos
1017 3106 1191 3174 Suevorum
1208 3110 1271 3174 vim
1295 3132 1361 3175 sus-

264 3211 446 3284 tinuerunt3
469 3208 510 3274 ad
529 3217 705 3274 extremum
728 3217 836 3273 tumen
854 3207 938 3293 agris
960 3208 1082 3294 expulsi
1104 3216 1137 3273 et
1158 3208 1267 3275 multis
1281 3208 1362 3274 Ger..

265 3309 376 3375 mania
391 3309 467 3375 locis
487 3309 656 3375 triennium
670 3309 776 3395 vagati
798 3307 839 3372 sd
863 3307 1008 3373 Rhenum
1030 3316 1258 3394 pervenerunt:
1282 3332 1361 3394 quas

265 3411 404 3496 regiones
427 3409 568 3496 Menapii
592 3409 769 3474 incolebant
795 3408 888 3472 etad
910 3415 1075 3492 utramque
1102 3409 1203 3495 ripum
1224 3406 1361 3476 fluminis

262 3533 363 3596 agros,
376 3508 507 3575 aedificia
517 3509 661 3594 vicosque
670 3509 849 3582 habebant;
869 3507 923 3574 sed
937 3515 1034 3573 tantae
1047 3509 1258 3575 multitudinis
1269 3509 1359 3574 aditu

262 3611 429 3696 perterriti,
445 3633 486 3675 ex
499 3610 549 3676 his
562 3608 709 3687 adificiis,
725 3632 793 3694 quac
814 3616 901 3675 trans
923 3605 1038 3673 flumen
1059 3609 1243 3686 habuerant,
1259 3608 1359 3674 demi·

261 3719 430 3796 graverunt
461 3719 503 3794 et,
541 3712 585 3777 cis
618 3710 764 3775 Rhenum
800 3708 959 3793 dispositis
993 3709 1155 3795 presidiis,
1186 3708 1359 3774 Germanos

261 3812 394 3877 transire
420 3811 637 3898 prohibebant.
695 3809 756 3885 Illi,
782 3809 888 3875 omnia
916 3810 1049 3895 experti,
1077 3832 1172 3894 quum
1198 3830 1297 3892 neque
1325 3808 1357 3874 vi

261 3911 449 3978 contendere
485 3920 613 3998 propter
645 3911 782 3996 inopiam
813 3910 952 3989 navium,
979 3931 1081 3995 neque
1113 3908 1194 3975 clam
1225 3908 1357 3974 transire

261 4020 389 4098 propter
417 4012 575 4078 custodias
606 4010 827 4096 Menapiorum
854 4016 989 4096 possent,
1018 4008 1132 4075 reverti
1159 4031 1193 4075 se
1221 4007 1255 4073 in
1285 4030 1358 4076 suas

260 4112 349 4178 sedes
378 4112 579 4198 regionesque
607 4110 852 4176 simulaverunt:
886 4118 919 4176 et
950 4108 1048 4175 tridui
1078 4109 1162 4175 viam
1191 4109 1357 4195 progressi,

260 4232 366 4279 rursus
388 4221 584 4278 reverterunt
610 4219 715 4295 atque,
742 4211 827 4275 omui
846 4212 906 4275 hoc
929 4209 1041 4275 itinere
1068 4231 1132 4274 uns
1157 4218 1249 4274 nocte
1272 4210 1355 4296 eqni-

259 4320 331 4379 tetu
352 4312 504 4391 confecto,
523 4312 635 4379 inscios
657 4311 915 4398 inopinantesque
940 4309 1105 4395 Menapios
1124 4318 1355 4396 oppresserunt,

258 4416 320 4498 qui,
360 4414 399 4480 de
438 4414 664 4480 Germanorum
701 4412 838 4479 discessu
874 4435 930 4498 per
961 4411 1174 4496 exploratores
1210 4410 1357 4477 certiores
