3232 5100
315 443 374 512 xvi
586 461 662 517 run
687 460 868 517 cennens
895 460 942 516 or
967 460 1134 517 rscrrus.

310 617 389 705 jugo
418 619 460 684 ad
490 620 628 707 Ripheos
651 645 746 707 usque
773 631 895 687 montes
919 622 1110 687 extenditur.
1169 621 1309 707 Indeque
1329 624 1411 709 Scy·

316 719 409 785 thiais
422 722 567 806 gentibus
581 721 672 788 dorso
686 745 741 788 sno
756 723 922 787 terminum
938 723 1088 807 praebens,
1101 722 1143 788 ad
1158 721 1298 787 Pontum
1312 746 1411 808 usque

319 819 496 886 descendit:
525 823 732 907 consertisque
755 823 893 902 collibus,
921 822 1024 888 Histri
1051 845 1171 908 quoque
1194 821 1312 888 fluenta
1335 847 1409 889 con·

318 919 422 1005 tingit,
441 944 501 1006 quo
522 923 621 988 amnis
637 922 749 988 scissus
763 923 935 997 dehiscens,
951 923 981 987 in
1001 921 1132 1010 Scythia
1147 946 1268 1009 quoque
1286 923 1409 991 Taurus

318 1027 457 1086 vocatur.
509 1022 594 1088 Talis
623 1045 696 1109 ergo
720 1031 897 1107 tantusque,
924 1031 955 1087 et
978 1045 1056 1108 pene
1079 1023 1216 1089 omnium
1240 1024 1406 1103 maximus,

318 1121 456 1187 excelsas
480 1145 552 1187 suas
573 1123 693 1209 erigens
715 1124 919 1201 summitates,
942 1124 1076 1188 naturali
1090 1125 1312 1190 constructioni
1329 1149 1409 1211 prae·

317 1228 381 1285 stat
395 1222 539 1307 gentibus
553 1223 794 1309 inexpugnanda
807 1223 987 1289 munimina.
1032 1222 1114 1289 Nam
1129 1224 1254 1289 locatim
1267 1226 1407 1303 rescisus,

320 1344 382 1405 qua
407 1321 547 1408 dismpto
565 1324 644 1410 jugo
661 1324 750 1389 vellis
773 1323 861 1388 hiatu
881 1324 1024 1408 patescit,
1042 1347 1124 1389 nune
1147 1323 1274 1409 Caspias
1288 1334 1405 1411 portas,

319 1444 401 1487 nunc
430 1422 606 1500 Armenias,
636 1446 718 1488 nunc
749 1423 871 1502 Cilicas,
897 1425 946 1489 vel
976 1424 1146 1489 secundum
1174 1424 1276 1489 locum
1307 1426 1407 1510 qualis

318 1521 421 1601 fuerit,
437 1522 532 1599 facit;
557 1523 609 1587 vix
624 1534 730 1588 tamen
747 1524 885 1609 plaustro
899 1523 1048 1603 meabilis,
1070 1524 1219 1590 lateribus
1242 1525 1274 1589 in
1298 1525 1408 1590 altitu·

277 1640 281 1647 ·
320 1623 424 1687 dinem
447 1626 603 1708 utrimque
628 1623 762 1702 directis,
785 1625 837 1708 qui
864 1646 921 1709 pro
946 1623 1086 1710 gentium
1110 1623 1262 1689 varietate
1284 1625 1406 1691 diverso

318 1722 470 1788 vocabulo
479 1731 684 1808 nuncupatur.
707 1723 803 1787 Hune
812 1723 894 1787 enim
906 1722 1070 1800 lamnium,
1083 1746 1156 1788 mox
1167 1724 1407 1810 propanismum

321 1820 420 1887 Indus
433 1824 580 1909 appellat.
629 1823 770 1891 Parthus
782 1823 915 1908 primum
933 1824 1053 1900 (lustra,
1070 1832 1139 1909 post
1154 1823 1283 1888 Nifaoen
1299 1825 1407 1894 edicit.

321 1922 421 2008 Syrus
432 1933 464 1988 et
481 1923 651 1989 Armenius
667 1922 805 1988 Taurum
818 1948 827 1995 ;
853 1922 981 2010 Scytha
997 1924 1171 1989 Caucasum
1185 1946 1222 1988 ac
1237 1924 1404 2010 Ripheum,

320 2023 493 2109 iterumque
518 2024 550 2088 in
576 2022 636 2089 fine
669 2023 805 2088 Taurum
835 2025 1071 2110 cognominant:
1102 2023 1223 2108 aliaque
1245 2026 1407 2111 complura

320 2133 429 2208 gentes
441 2123 514 2190 huic
516 2123 595 2210 jugo
608 2123 720 2188 dedere
730 2124 890 2189 vocabula.
914 2125 959 2189 Et
968 2125 1041 2209 quia
1050 2124 1089 2188 de
1099 2121 1166 2210 ejus
1174 2125 1406 2191 continuatione

298 2226 306 2238 ⁶
320 2248 420 2311 pauca
434 2224 607 2303 libavimus,
622 2225 664 2289 ad
678 2225 864 2303 Amazones,
881 2224 963 2289 unde
975 2225 1167 2302 divertimus,
1183 2224 1355 2290 redeamus.

364 2324 483 2391 Veritae
498 2327 558 2403 hae,
573 2348 612 2390 ne
634 2347 741 2390 earnm
766 2324 867 2409 proles
886 2333 1065 2401 raresceret,
1088 2347 1109 2389 a
1128 2323 1237 2390 vicinis
1261 2325 1408 2411 gentibus

319 2425 519 2491 concubitum
545 2425 721 2512 petierunt;
749 2425 834 2489 faeta
858 2423 997 2489 nundina
1019 2426 1113 2491 semel
1137 2425 1170 2490 iu
1190 2448 1281 2502 anno,
1299 2424 1345 2491 ita
1370 2436 1407 2491 ut

319 2526 432 2592 futuris
457 2526 648 2611 temporibus
673 2525 718 2590 eis
742 2524 854 2589 deinde
868 2524 1093 2591 revertentibus
1107 2525 1139 2589 in
1161 2525 1304 2611 idipsum,
1321 2527 1406 2611 quic-

320 2627 395 2712 quid
418 2634 526 2713 partus
542 2624 703 2691 masculini
718 2624 875 2702 edidisset,
890 2626 972 2710 patri
984 2625 1148 2690 redderet:
1173 2626 1318 2710 quicquid
1332 2649 1406 2692 vero

317 2727 442 2793 feminei
469 2749 563 2793 sexus
587 2737 774 2803 nasceretur,
801 2732 902 2790 mater
931 2724 973 2789 ad
1003 2716 1091 2790 arma
1121 2725 1232 2790 bellica
1258 2726 1406 2792 erudiret.

320 2827 402 2904 Sive,
429 2835 465 2892 nt
493 2825 677 2911 quibusdum
701 2825 812 2910 placet,
839 2823 932 2890 editis
945 2824 1091 2901 maribus,
1104 2825 1257 2890 novercali
1272 2825 1344 2891 odio
1360 2825 1408 2890 in·

318 2927 413 2993 fantis
438 2925 603 2993 miserandi
628 2924 694 2991 fata
716 2925 920 3009 rumpebant:
955 2925 1001 2989 ita
1023 2924 1106 3009 apud
1127 2924 1195 2990 illus
1222 2924 1407 2992 detestabile

318 3027 513 3112 puerperium
541 3035 619 3104 erat,
644 3026 728 3110 quod
755 3024 868 3109 ubique
894 3033 1017 3090 constat
1041 3047 1107 3091 esse
1132 3025 1283 3091 votivum.
1328 3028 1406 3109 Quae

317 3127 485 3192 cmdelitas
500 3125 561 3191 illis
571 3134 722 3191 terrorem
738 3147 887 3211 magnum
903 3126 1091 3205 cumulabat,
1107 3125 1251 3213 opinione
1267 3126 1405 3213 vulgata.

318 3226 400 3291 Nam
427 3249 505 3313 qua,
527 3249 612 3312 rogo,
635 3248 705 3312 spes
730 3235 811 3291 esset
832 3233 936 3310 capto,
959 3225 1012 3290 ubi
1034 3227 1151 3311 ignosci
1165 3226 1214 3291 vel
1235 3224 1298 3291 filio
1320 3227 1407 3292 nefas

316 3326 512 3393 habebatur!
556 3325 673 3391 Contra
698 3327 766 3402 has,
795 3334 832 3390 ut
858 3326 966 3404 fertur,
990 3326 1148 3412 pugnabat
1170 3325 1341 3401 Hercules3
1374 3335 1408 3391 et

319 3426 460 3492 Melanes
482 3449 558 3512 pene
581 3426 650 3511 plus
667 3427 747 3503 dolo,
764 3449 857 3509 quam
874 3425 990 3490 virtute
1004 3426 1137 3512 subegit.
1182 3425 1320 3492 Theseus
1334 3449 1407 3492 vero

318 3526 504 3612 Hippoliten
530 3526 562 3590 in
586 3526 722 3610 praedam
747 3526 831 3600 tulit,
855 3526 894 3590 de
918 3549 979 3610 qna
1004 3527 1111 3612 genuit
1133 3534 1165 3590 et
1183 3525 1406 3614 Hippolytum.

317 3626 379 3692 Hae
395 3649 514 3712 quoque
527 3626 703 3690 Amazones
718 3636 788 3710 post
803 3626 869 3689 haec
884 3626 1017 3690 habuere
1031 3626 1170 3712 reginam
1185 3626 1309 3692 nornine
1324 3627 1406 3691 Pen-

316 3728 487 3804 thesileam,
503 3723 591 3811 cujus
616 3723 750 3811 Trojano
777 3726 857 3790 bello
884 3733 995 3790 extant
1018 3725 1185 3791 clarissima
1208 3726 1406 3791 documenta.

318 3826 399 3893 Nam
428 3828 476 3891 ha
502 3825 624 3890 femina
650 3848 746 3910 nsque
767 3825 809 3890 ad
832 3826 1048 3891 Alexandmm
1066 3827 1219 3912 Magnum
1233 3827 1408 3892 referuntur

317 3928 451 3994 tenuisse
465 3948 605 4011 regnum.

362 4027 424 4092 Sed
446 4050 485 4091 ne
507 4026 602 4103 dicas,
620 4025 660 4090 de
686 4025 760 4091 viris
784 4025 959 4091 Gothorum
979 4048 1078 4091 sermo
1093 4026 1287 4112 adsumptus,
1305 4049 1360 4090 cur
1374 4025 1406 4090 in

315 4128 438 4193 feminis
452 4126 572 4191 tamdiu
591 4135 782 4212 perseveret:
810 4126 931 4191 audiet
952 4126 1087 4191 virorum
1109 4127 1259 4212 insignem
1283 4134 1315 4190 et
1337 4126 1404 4190 lau-

316 4228 451 4295 dabilem
466 4237 498 4292 et
512 4226 737 4292 fortitudinem.
783 4227 846 4292 Dio
860 4226 1034 4302 historicus,
1050 4234 1082 4292 et
1099 4226 1322 4312 antiquitatum
1337 4225 1405 4290 dili·

314 4328 512 4416 gentissimus
539 4326 709 4411 inquisitor,
736 4327 788 4412 qui
812 4326 897 4412 operi
932 4350 987 4392 sno
1017 4326 1128 4392 Getica
1157 4327 1285 4392 titulum
1317 4325 1404 4392 dedit

317 4434 408 4516 (quos
435 4430 533 4495 (letas
566 4426 634 4513 jam
667 4428 815 4514 superiori
847 4427 914 4491 loco
946 4426 1067 4493 Gothos
1099 4450 1165 4492 esse
1196 4427 1403 4512 probavimus,
