3202 5076
286 431 349 501 lxii
567 444 644 498 nun
666 442 848 497 naumann
871 441 919 496 oa
944 441 1109 497 eronus.

283 607 533 695 vcognoscendum
556 615 704 694 putaret;
744 608 813 673 hoee
843 630 918 685 esse,
948 631 1015 693 quae
1045 608 1087 673 ab
1117 630 1154 672 eo
1183 607 1378 693 postularet;

286 711 430 795 primum,
459 731 499 773 ne
527 732 622 794 qnam
654 707 816 773 homiuum
847 707 1083 773 multitudinem
1119 707 1253 794 amplius
1295 717 1381 774 trans

286 811 431 875 Rhenum
469 811 501 874 in
539 809 675 875 Galliam
707 808 942 874 transduceret:
987 809 1100 874 deinde
1136 808 1268 887 obsides,
1305 832 1382 894 qnos

284 911 415 975 haberet
429 910 470 974 ab
485 909 613 988 AEduis,
629 909 774 974 redderet
791 909 1002 994 Sequanisque
1019 910 1225 994 permitteret,
1242 916 1288 988 nt,
1305 932 1381 994 qnos

284 1011 329 1075 illi
343 1011 503 1089 haberent,
521 1011 681 1076 voluntate
696 1007 762 1096 ejus
777 1009 906 1075 reddere
920 1009 980 1075 illis
1003 1010 1133 1081 liceretz
1161 1031 1239 1074 neve
1254 1009 1381 1074 AEdnos

284 1110 398 1196 injuria
414 1111 588 1188 lacesseret,
604 1132 683 1175 neve
709 1110 758 1175 his
772 1109 901 1175 sociisve
918 1132 1025 1175 eorum
1049 1110 1165 1174 bellum
1179 1109 1329 1175 inferret:
1353 1111 1378 1176 si

284 1212 317 1277 id
346 1212 393 1276 ita
418 1211 542 1289 fecissit,
568 1210 627 1276 sibi
657 1210 832 1296 populoque
860 1210 1003 1275 Romano
1036 1218 1219 1295 perpetuam
1243 1211 1378 1296 gratiam

284 1320 379 1396 atque
401 1311 573 1376 amicitiam
600 1334 670 1376 enm
696 1334 734 1375 eo
759 1311 918 1375 futuram:
942 1310 969 1376 si
994 1333 1056 1375 non
1084 1312 1275 1396 impetraret,
1299 1333 1378 1388 sese,

284 1412 431 1497 qnoniam
449 1412 497 1476 M.
517 1411 664 1488 Messala,
684 1410 732 1475 M.
749 1411 864 1476 Pisone
882 1410 968 1476 Coss.
986 1419 1112 1476 sanatus
1127 1410 1304 1490 censuisset,
1319 1412 1377 1488 utI,

284 1514 470 1597 quicumque
500 1511 636 1577 Galliam
665 1511 857 1596 provinciam
895 1511 1061 1590 obtineret,
1094 1511 1177 1596 quod
1214 1511 1377 1576 commodo

283 1613 460 1699 reipublicae
474 1613 575 1678 facere
592 1621 707 1698 posset,
724 1611 852 1676 AEduos
868 1619 1047 1696 ceterosque
1060 1612 1177 1677 amicos
1193 1612 1299 1697 populi
1314 1611 1377 1675 Ro-

284 1715 368 1779 mani
392 1713 584 1788 defenderet,
607 1734 673 1778 sese
695 1711 877 1776 AEdnourm
899 1709 1028 1798 injurias
1049 1735 1110 1776 nou
1132 1711 1377 1798 neglecturum.'‘

345 1813 525 1879 XXXVI.
565 1812 620 1878 Ad
653 1813 719 1876 haec
751 1811 929 1878 Ariovistus
962 1812 1142 1898 respondit:
1183 1812 1280 1878 “Jns
1310 1835 1376 1879 esse

284 1914 367 1993 belli,
396 1923 442 1990 nt,
478 1915 531 1997 qui
560 1913 716 1990 vicissent,
742 1912 790 1990 iis,
822 1934 899 1996 qnos
928 1911 1084 1991 vicissent,
1114 1912 1376 1998 quemadmodum

284 2015 410 2092 vellent,
428 2014 637 2100 imperarent:
661 2012 738 2076 item
764 2013 912 2098 populum
940 2012 1118 2078 Romanum
1133 2014 1224 2079 victis
1248 2036 1311 2079 non
1335 2014 1377 2079 ad

284 2115 413 2181 alterins
429 2115 653 2200 praecriptum,
680 2113 735 2178 sed
752 2113 792 2178 ad
818 2135 908 2177 sunm
925 2114 1099 2178 'arbitrium
1127 2114 1278 2200 imperare
1304 2137 1377 2179 oon·

283 2237 398 2282 suessa.
444 2215 478 2280 si
504 2215 570 2300 ipse
596 2212 710 2299 populo
736 2213 878 2291 Romano
902 2235 964 2277 nou
991 2214 1213 2299 praescriberet,
1229 2215 1377 2299 quemad·

284 2315 413 2381 modum
447 2338 504 2381 suo
528 2313 601 2401 jure
637 2320 801 2389 nteretnr3
845 2336 906 2377 non
932 2310 1083 2399 'oportere
1114 2337 1180 2380 sese
1213 2337 1232 2379 a
1262 2315 1376 2400 populo

285 2416 428 2481 Romano
453 2416 485 2481 in
507 2437 562 2481 sno
584 2413 657 2501 jure
680 2414 834 2501 impediri.
879 2413 1007 2480 AEdnos
1032 2414 1101 2493 sibi,
1131 2415 1276 2498 quoniam
1303 2415 1376 2480 belli

284 2516 441 2582 fortunam
468 2523 642 2582 tentassent
666 2524 698 2580 et
733 2515 828 2581 armis
854 2514 1010 2600 congressi
1034 2537 1072 2579 ac
1097 2516 1234 2600 superati
1261 2523 1375 2594 essent,

284 2617 501 2704 stipendiarios
516 2640 582 2682 esse
599 2617 709 2681 factos.
755 2616 907 2700 Magnam
931 2613 1085 2680 (lasarum
1101 2613 1247 2701 iujuriam
1263 2616 1374 2694 facere,

283 2720 336 2803 qni
362 2741 418 2783 sno
440 2717 579 2782 adventu
593 2715 758 2800 vectigalia
775 2715 833 2780 sibi
857 2714 1012 2780 deteriora
1028 2714 1155 2781 faceret.
1202 2716 1322 2781 AEdnis
1343 2740 1376 2782 se
1422 2722 1428 2733 '

283 2818 406 2884 obsides
431 2817 628 2882 redditurum
653 2836 715 2879 nou
741 2837 816 2893 esse,
834 2837 934 2899 neque
955 2815 1003 2892 iis,
1029 2839 1128 2902 neque
1154 2838 1260 2881 conum
1286 2817 1376 2883 sociis

283 2916 399 3005 injuria
412 2917 527 2982 bellum
543 2916 712 2991 illaturum,
729 2915 802 2980 siin
817 2938 854 2979 eo
870 2923 1040 2995 manerent,
1067 2917 1149 3002 quod
1173 2918 1376 2997 convenisset,

284 3017 533 3103 stipendiumque
562 3015 728 3101 quotannis
760 3015 954 3100 penderent;
995 3017 1022 3081 si
1053 3016 1087 3082 id
1118 3040 1180 3082 non
1219 3019 1374 3093 fecissent,

283 3117 374 3202 longe
400 3117 438 3182 iis
461 3117 633 3181 fratemnm
653 3138 765 3180 nomeu
789 3115 895 3201 populi
910 3115 1045 3181 Romani
1060 3117 1231 3184 afuturum.
1284 3119 1376 3200 Quod

281 3217 341 3283 sibi
354 3217 458 3283 (laesar
470 3217 680 3292 denunciaret,
695 3238 728 3281 se
737 3216 919 3280 AEdnourm
931 3215 1058 3303 injurias
1071 3240 1132 3281 non
1141 3220 1353 3304 neglecturum
1365 3245 1374 3307 ς

283 3317 438 3383 neminem
454 3339 558 3382 secum
582 3317 648 3382 siue
671 3338 728 3381 sna
751 3316 885 3402 pernicie
902 3317 1106 3383 contendisse.
1152 3318 1256 3399 Quum
1272 3320 1375 3397 vellet,

282 3418 543 3504 congredientum
568 3416 809 3492 intellecturum,
825 3415 899 3501 qnid
927 3416 1035 3481 invicti
1051 3417 1198 3483 Germani
1225 3421 1374 3484 exercita·

282 3518 394 3585 tissimi
420 3519 451 3583 in
473 3517 578 3595 armis,
596 3516 648 3602 qni
673 3516 755 3581 inter
780 3539 878 3582 annos
906 3517 1140 3601 quatuordeeim
1169 3525 1289 3584 tectum
1313 3542 1375 3584 non

280 3618 435 3684 subissent
453 3618 569 3683 virtute
584 3617 740 3703 possent.”

335 3716 534 3783 XXXVII.
562 3718 642 3782 Hae
664 3716 773 3782 eodem
798 3725 938 3802 tempore
960 3716 1076 3782 (laseri
1098 3719 1248 3785 mandata
1264 3721 1376 3785 refers«

281 3819 406 3895 bantur,
423 3826 455 3884 et
479 3818 575 3904 legati
600 3818 640 3883 ab
660 3818 780 3883 AEdnis
807 3825 839 3882 et
862 3840 882 3881 a
907 3816 1044 3883 Treviris
1061 3818 1247 3885 veniebant:
1272 3821 1376 3885 AEdui

280 3927 436 4003 questum,
464 3919 548 4003 quod
572 3918 730 3996 Harudes,
748 3919 801 4002 qui
828 3939 927 4003 nuper
954 3919 986 3983 in
1011 3918 1146 3983 Galliam
1172 3921 1375 4007 transportati

281 4028 396 4095 essent,
412 4016 488 4084 fines
512 4042 619 4084 eorum
643 4019 884 4104 popularentnr;
909 4040 976 4083 sese
996 4041 1035 4082 ne
1061 4018 1221 4086 obsidibus
1249 4020 1375 4106 quidem

281 4120 365 4185 datis
400 4142 509 4205 pacem
543 4118 695 4183 Ariovisti
724 4118 876 4183 redimere
901 4120 1058 4203 potuisse:
1101 4119 1220 4185 Treviri
1257 4132 1374 4198 antem,

281 4243 379 4307 pagos
412 4229 538 4285 centnm
572 4218 744 4283 Suevorum
775 4219 817 4283 ad
850 4219 933 4304 ripas
971 4218 1089 4283 Rheni'
1107 4220 1291 4299 consedisse,
1323 4222 1374 4307 qni

281 4322 426 4386 Rhenum
446 4319 578 4385 transire
604 4318 810 4393 conarentnn
848 4319 885 4384 iis
913 4341 1042 4403 praeesse
1068 4318 1206 4386 Nasuam
1231 4331 1264 4387 et
1289 4321 1375 4388 cim-

282 4422 402 4487 berium
428 4421 550 4487 fratres.
604 4419 724 4502 Quibus
745 4419 837 4484 rebus
854 4419 958 4485 Caesar
976 4420 1175 4487 vehementer
1192 4430 1377 4499 commotus,
