3246 5078
607 469 897 525 PROLEGOMENA.
1207 455 1290 523 xcix

196 653 299 708 voces,
316 640 410 716 atque
425 631 483 717 ipsi
500 633 615 717 passim
630 629 810 716 adjacerent
826 632 916 708 vallo,
935 633 1115 697 oberrarent
1138 631 1290 709 tentoriis,

195 731 352 797 insomnes
385 732 485 817 magis
520 754 614 816 quam
649 732 821 818 pervigiles.
878 732 1060 816 Ducemque
1085 732 1197 796 terruit
1222 731 1292 795 dira

195 832 301 917 quies:
324 855 399 896 nam
426 832 630 913 Quinctilium
652 831 773 896 Verum
799 832 949 917 sanguine
973 832 1115 909 oblitum,
1142 840 1174 896 et
1201 832 1291 917 palu-

196 932 289 998 dibus
313 955 475 1010 emersum,
502 955 627 997 cernere
650 940 683 996 et
708 932 817 998 audire
832 934 915 997 visus
936 941 995 1010 est,
1013 931 1100 997 velut
1114 940 1288 1010 vocantem,

195 1055 258 1097 non
303 1040 408 1097 tamen
452 1033 626 1109 obsecutus,
670 1039 703 1097 et
741 1055 868 1097 menum
904 1033 1095 1098 intendentis
1130 1032 1289 1117 repulisse.
1394 1024 1407 1047 ⁰

198 1132 309 1219 Goepta
331 1132 410 1211 lnce,
428 1133 530 1199 missae
555 1133 588 1197 in
616 1134 716 1198 latera
741 1133 877 1219 legiones
903 1141 999 1213 metu,
1016 1156 1056 1199 an
1080 1133 1286 1211 contumacia,

194 1233 297 1299 locum
336 1233 517 1299 deseruere:
555 1240 648 1318 capto
687 1256 816 1319 propere
851 1255 971 1321 campo,
999 1232 1163 1299 humentia
1191 1232 1286 1297 ultra.

198 1332 305 1419 Neque
332 1342 439 1399 tamen
467 1333 639 1411 Arminius,
670 1356 857 1418 quamquam
884 1334 980 1399 bbere
1006 1335 1142 1409 incursu,
1178 1334 1286 1400 statim

196 1433 356 1521 prorupit:
380 1435 436 1499 sed
457 1443 494 1499 ut
519 1434 635 1499 hascre
656 1456 743 1498 coeno
758 1434 906 1519 fossisque
919 1434 1152 1520 impedimenta,
1169 1434 1287 1498 turbati

196 1535 311 1599 circum
326 1534 451 1613 milites,
469 1535 606 1600 incertus
622 1535 782 1620 signorum
797 1534 883 1613 ordo,
898 1544 995 1619 utque
1012 1536 1068 1600 tuli
1091 1534 1124 1599 in
1148 1543 1287 1619 tempore

195 1636 254 1701 sibi
276 1634 403 1720 quisque
425 1657 585 1721 properus,
609 1642 641 1699 et
665 1634 757 1700 lenta:
781 1635 946 1701 adversum
975 1635 1106 1720 imperia
1129 1657 1228 1711 aures,
1245 1634 1286 1698 ir·

196 1758 339 1822 rumpere
356 1734 531 1801 Germanos
545 1734 649 1823 jubet,
677 1735 849 1814 clamitans,
878 1744 897 1773 “
908 1736 959 1800 En
978 1735 1092 1818 Varus,
1118 1743 1150 1800 et
1177 1734 1287 1799 eodem

194 1835 309 1902 iterum
333 1836 399 1899 fato
415 1835 509 1900 victae
533 1835 723 1921 legiones!''
768 1836 868 1901 Simul
892 1837 978 1909 haec;
1004 1844 1036 1901 et
1062 1859 1133 1900 cum
1157 1834 1287 1900 delectis

195 1936 312 2001 scindit
329 1957 452 2020 agmen,
466 1935 611 2020 equisque
627 1936 764 2001 maxime
779 1937 907 2002 vulnera
921 1938 1055 2023 ingerit:
1074 1937 1119 2001 illi
1136 1936 1286 2021 sanguine

192 2058 260 2113 sno,
277 2042 310 2100 et
324 2034 443 2099 lubrico
457 2034 607 2120 paludum
621 2035 786 2121 lapsantes,
802 2038 940 2103 excussis
954 2037 1125 2103 rectoribus
1146 2034 1287 2122 disjicere

192 2136 312 2212 obvios,
336 2142 492 2219 proterere
508 2132 669 2220 jacentes:
694 2136 844 2220 plurimus
866 2139 948 2202 circa
969 2139 1088 2222 aquilas
1105 2137 1203 2214 labor,
1219 2159 1287 2221 quoe

195 2260 295 2321 neque
317 2234 483 2301 adversum
506 2234 579 2299 ferri
601 2235 778 2321 ingruentia
792 2237 865 2314 tela,
882 2260 982 2321 neque
997 2238 1049 2323 figi
1065 2237 1175 2302 limosa
1191 2238 1287 2301 humo

194 2343 349 2423 poterant.
402 2334 528 2400 Oaecina
543 2334 619 2399 dum
634 2343 790 2401 sustentat
814 2337 923 2413 aciem,
949 2337 1078 2403 suffosso
1101 2360 1180 2421 equo
1200 2337 1286 2401 dela-

195 2460 268 2523 psus
285 2435 594 2513 circumveniebatur,
611 2434 643 2499 ni
666 2434 768 2521 prima
792 2436 872 2521 legn'o
889 2459 954 2502 sese
970 2437 1181 2523 opposuisset:
1199 2435 1286 2524 juvit

193 2537 329 2602 hostium
343 2535 488 2613 aviditas,
502 2536 617 2601 omissa
630 2536 726 2611 caedo,
742 2536 882 2622 praedam
896 2537 1083 2602 sectantium
1097 2563 1106 2612 3
1131 2537 1286 2619 enisaeque

192 2637 337 2723 legiones,
364 2644 596 2721 vesperascente
625 2636 685 2712 die,
712 2637 744 2700 in
770 2644 880 2722 aperta
907 2644 939 2702 et
971 2636 1090 2703 solida:
1124 2658 1224 2720 neque
1259 2635 1286 2701 is

191 2737 385 2802 miseriarum
410 2735 499 2801 finis:
523 2736 707 2801 struendum
721 2736 848 2814 vallum,
864 2737 1017 2823 petendus
1032 2759 1147 2822 agger:
1172 2736 1287 2801 amissa

193 2860 308 2924 magna
340 2859 381 2901 ex
415 2845 516 2922 parte,
544 2860 599 2922 per
637 2860 704 2921 qua:
733 2838 869 2923 egeritur
895 2839 1018 2916 burnus,
1045 2847 1101 2903 aut
1129 2836 1285 2902 exciditur

194 2960 321 3024 cespes:
345 2960 407 3002 non
423 2938 559 3002 tentoria
572 2936 748 3022 manipulis,
764 2960 825 3006 non
843 2939 983 3003 fomenta
998 2938 1129 3004 sauciis:
1154 2937 1286 3002 infectos

191 3060 278 3103 ooeno
301 3045 357 3102 aut
384 3059 491 3102 cruore
518 3037 603 3102 cibos
628 3037 812 3113 dividentes,
837 3039 978 3104 funestas
1001 3038 1153 3116 tenebras,
1181 3046 1213 3102 et
1236 3046 1285 3102 tot

195 3138 357 3202 hominum
372 3137 507 3203 millibus
521 3160 619 3202 uuum
627 3134 697 3223 jam
712 3138 866 3223 reliquum
884 3139 966 3204 diem
983 3138 1245 3203 lamentabantur.

239 3237 370 3303 LXVI.
395 3237 493 3303 Forte
514 3260 612 3322 equus
642 3237 784 3323 abruptis
809 3239 940 3304 vinculis
966 3262 1073 3325 vagus,
1096 3247 1128 3304 et
1150 3238 1284 3303 elamore

192 3338 330 3417 territus,
347 3337 497 3423 quosdam
523 3338 752 3403 occurrentium
777 3339 977 3404 obturbavit:
1001 3347 1091 3404 tanta
1116 3339 1188 3403 inde
1213 3362 1286 3403 eon-

191 3440 343 3505 sternatio
357 3437 508 3523 inrupisse
526 3436 698 3503 Germanos
712 3438 916 3517 credentium,
933 3447 970 3505 ut
985 3439 1089 3504 cuncti
1103 3448 1228 3504 ruerent
1243 3439 1285 3503 ad

192 3548 319 3624 portas;
344 3560 476 3624 quarum
497 3538 681 3603 Decumana
702 3539 839 3603 maxime
865 3541 1043 3625 petebatur,
1059 3561 1168 3605 aversa
1189 3540 1283 3617 hosti,

192 3649 226 3705 et
247 3639 438 3726 fngientibus
464 3638 571 3703 tutior.
617 3638 751 3714 Oaecina,
777 3647 936 3724 comperto
951 3662 1065 3705 vanem
1087 3662 1153 3705 ease
1179 3639 1285 3703 formi-

193 3739 308 3818 dinem,
337 3761 408 3804 cnm
445 3746 551 3803 tamen
585 3760 684 3822 neque
709 3739 907 3817 auctoritate,
938 3762 1037 3825 neque
1063 3740 1214 3826 precibus,
1246 3762 1285 3803 ne

191 3862 286 3905 manu
304 3840 429 3925 quidem
444 3839 605 3916 obsistere,
623 3846 678 3903 eut
692 3839 826 3904 retinere
840 3839 972 3904 militem
987 3840 1107 3924 quiret:
1132 3837 1287 3925 projectus

191 3940 224 4004 in
251 3940 356 4005 limine
379 3947 487 4029 porte,
513 3938 711 4004 miseratione
738 3939 873 4017 demum,
899 3940 972 4024 quia
995 3964 1050 4026 per
1066 3961 1177 4026 corpus
1190 3939 1285 4024 legati

191 4040 329 4106 eundum
368 4048 446 4115 erat,
483 4039 595 4104 elausit
631 4039 735 4105 viam:
773 4040 863 4105 simul
891 4040 1008 4106 tribuni
1034 4048 1067 4106 et
1092 4040 1287 4105 centuriones

192 4140 306 4206 falsum
321 4162 468 4225 pavorem
483 4140 665 4218 docuerunt.

237 4240 389 4305 LXVII.
412 4240 502 4305 'l'unc
537 4248 713 4306 contractos
744 4242 777 4305 in
806 4241 967 4327 principia,
1000 4240 1165 4328 jussaeque
1203 4239 1287 4305 dicta

190 4364 263 4406 cum
272 4341 397 4406 silentio
408 4342 557 4426 accipere,
569 4341 719 4427 temporis
732 4363 770 4406 sc
785 4342 978 4408 necessitatis
992 4350 1110 4407 monet.
1146 4347 1167 4376 “
1180 4339 1287 4402 Unam

189 4442 220 4506 iu
237 4442 333 4508 armis
349 4442 493 4521 salutem,
511 4441 567 4506 sed
586 4464 624 4506 ea
643 4441 770 4507 consilio
789 4443 1013 4528 temperanda:
1038 4439 1286 4591 mmpupumque
