3232 5100
634 432 913 490 summonitus.
1249 440 1323 488 xxv

225 600 306 667 sicut
326 599 500 665 retulerunt
526 594 625 671 nobis,
644 593 781 677 qui-eam
797 594 1018 673 lustraverunt,
1035 615 1096 658 non
1110 594 1225 660 tamin
1242 594 1320 659 mari

227 710 275 766 est
300 700 412 786 posita,
440 717 533 782 quam
559 692 687 759 marinis
709 691 866 769 fluctibus,
894 702 1021 779 propter
1050 693 1211 779 planitiem
1240 717 1323 759 mar·

227 801 345 887 ginum,
360 809 460 865 terras
474 794 684 861 ambientibus
700 793 896 860 circumfusa.
942 793 1032 859 Intra
1052 795 1133 859 hanc
1154 817 1228 880 ergo
1250 817 1324 859 con-

228 901 331 967 stituti
357 897 472 985 populi,
487 895 563 960 dum
584 894 616 958 in
640 902 764 959 tantam
787 894 1021 959 multitudinem
1043 894 1256 980 pullulassent,
1286 902 1323 960 ut

223 998 293 1088 jam
322 999 414 1065 amul
436 995 577 1062 habitare
600 1017 663 1058 non
679 994 828 1071 valerent,
849 995 883 1060 in
907 1003 982 1071 tres,
1008 1003 1044 1060 nt
1069 995 1178 1083 fertur,
1199 1017 1324 1061 omnem

229 1108 386 1166 catervam
412 1105 517 1185 partes
542 1093 726 1172 dividentes,
741 1118 809 1179 quae
836 1116 877 1159 ex
902 1094 963 1160 illis
987 1118 1059 1181 pars
1084 1096 1218 1181 patriam
1232 1095 1325 1160 relin-

231 1223 334 1286 quere,
349 1219 505 1282 novasque
523 1194 650 1259 deberet
664 1193 753 1260 sedes
769 1195 940 1279 exquirere,
958 1206 1041 1261 sorte
1056 1195 1216 1281 perquirit.

275 1300 341 1364 III.
365 1299 469 1385 Igitur
490 1319 528 1361 ea
550 1317 630 1381 pars,
649 1295 699 1359 eui
721 1317 788 1360 sors
809 1294 939 1359 dederat
955 1295 1092 1382 genitale
1113 1295 1214 1361 solum
1235 1317 1325 1360 exca-

231 1402 313 1477 dere,
326 1408 494 1483 exteraque
508 1418 584 1461 arra
598 1395 720 1474 sectari,
733 1395 884 1460 ordinatis
899 1417 1038 1482 superse
1053 1395 1174 1461 duobus
1186 1395 1326 1473 ducibus,

234 1501 308 1567 lbor
322 1500 440 1566 scilicet
455 1506 488 1563 et
504 1496 628 1584 Ayone,
644 1496 698 1580 qui
713 1505 746 1561 et
759 1495 900 1581 germani
917 1503 1014 1575 erant,
1033 1510 1066 1560 et
1075 1493 1207 1583 juvenili
1221 1495 1325 1561 adhuc

232 1609 325 1667 aetate
350 1598 463 1675 floridi,
489 1605 521 1662 et
546 1596 666 1661 oaeteris
690 1595 932 1683 praestantiores,
956 1595 998 1660 ad
1022 1595 1228 1681 exquirendas
1250 1617 1327 1681 ques

232 1701 351 1788 possint
380 1699 513 1763 incolere
538 1704 648 1774 terras,
670 1697 819 1781 sedesque
846 1704 994 1774 statuere,
1027 1695 1235 1762 valedicentes
1263 1694 1328 1761 suis

233 1801 326 1867 simul
351 1808 383 1864 et
407 1798 526 1884 patriae,
548 1796 609 1861 iter
635 1796 798 1882 arripiunt.
845 1795 969 1862 Horum
994 1806 1062 1862 erat
1087 1796 1201 1862 dueum
1226 1804 1329 1861 mater

234 1902 359 1966 nomine
376 1898 544 1974 Gambara,
562 1895 673 1962 mulier
686 1905 838 1982 quantum
854 1897 937 1962 inter
953 1918 1025 1962 snos
1041 1906 1073 1962 et
1090 1897 1213 1983 ingenio
1236 1897 1327 1974 acris,

235 2010 268 2066 et
292 1999 427 2065 consiliis
449 1996 599 2083 provida3
626 1995 665 2061 de
690 1992 779 2084 eujus
805 1997 838 2061 in
860 1997 952 2062 rebus
967 1997 1070 2064 dubiis
1084 1997 1250 2084 prudentia
1266 2018 1329 2062 nou

237 2100 400 2166 minimum
418 2095 627 2162 confidebant.

281 2199 343 2263 IV.
367 2197 465 2263 Haud
485 2197 525 2261 ab
542 2220 576 2261 re
601 2218 666 2262 esse
691 2196 835 2275 arbitror,
853 2197 1008 2284 paulisper
1024 2196 1171 2263 narrandi
1188 2196 1330 2262 ordinem

237 2309 433 2387 postponere,
451 2305 483 2362 et
499 2296 571 2381 quia
586 2296 689 2361 adhue
705 2297 806 2384 stylus
820 2297 852 2361 in
879 2296 1047 2363 (ianuariis
1071 2298 1214 2375 vertitur,
1237 2295 1331 2363 mira·

119 2438 122 2442 ,
237 2401 343 2466 culum
365 2398 448 2483 quod
470 2398 534 2462 illic
556 2396 639 2482 apud
653 2419 761 2462 omnes
775 2397 894 2462 celebre
908 2397 1053 2474 habetur,
1071 2398 1126 2464 sed
1141 2405 1173 2462 et
1190 2396 1332 2482 quasdam

237 2490 300 2567 alia
315 2499 451 2565 breviter
466 2497 620 2562 intimare.
668 2497 706 2562 In
721 2497 870 2564 extremis
884 2497 1021 2563 Oircium
1036 2520 1142 2564 versus
1157 2497 1332 2562 Germania

239 2600 362 2678 finibus,
377 2601 410 2664 in
427 2600 494 2685 ipso
512 2598 630 2664 Oceani
644 2597 745 2675 litore,
760 2606 887 2663 antrum
908 2599 966 2664 snb
989 2597 1138 2663 eminenti
1160 2620 1236 2684 rupe
1258 2619 1333 2661 con·

239 2701 379 2788 spicitnr,
407 2699 461 2765 ubi
486 2706 605 2784 septem
630 2698 689 2763 viri
717 2698 884 2781 (incertum
909 2721 948 2764 ex
977 2721 1038 2784 quo
1061 2700 1215 2784 tempore)
1241 2697 1333 2783 longo

240 2801 334 2887 sopiti
349 2822 458 2886 sopore
475 2799 647 2883 quiescunt,
668 2798 714 2864 ita
735 2798 848 2864 inlesus
865 2821 928 2863 non
951 2799 1051 2865 solum
1075 2798 1263 2885 corporibus,
1279 2797 1335 2862 sed

241 2902 337 2967 etiam
353 2899 554 2977 vestimentis,
570 2907 607 2963 ut
622 2920 663 2963 ex
678 2899 738 2963 hoc
755 2897 832 2984 ipso,
848 2898 931 2983 quod
945 2899 1011 2964 sine
1025 2899 1090 2964 ulla
1104 2922 1160 2986 per
1173 2905 1222 2963 tot
1237 2920 1336 2963 auno-

242 3025 310 3067 rnm
325 3000 477 3066 curricula
492 2999 688 3084 corruptione
702 3000 885 3085 perdurant,
900 2999 986 3086 apud
999 2999 1147 3065 indociles
1160 2998 1287 3064 easdam
1302 3005 1336 3064 et

242 3102 390 3167 barbaras
410 3100 563 3178 nationes,
583 3098 775 3164 venerationi
798 3098 984 3165 habeantur.
1029 3099 1075 3165 Hi
1093 3099 1225 3185 denique
1239 3121 1336 3183 quan·

243 3209 312 3266 turn
335 3201 376 3266 ad
402 3201 546 3266 habitum
569 3206 702 3285 spectat,
718 3199 852 3264 Romani
867 3222 933 3265 esse
958 3208 1136 3266 cernuntur.
1181 3199 1336 3285 Equibus

244 3299 320 3366 dnm
344 3323 440 3365 unum
462 3299 588 3385 quidam
615 3299 787 3385 cupiditate
813 3299 992 3366 stimulatus
1015 3300 1246 3380 velletexuere,
1260 3324 1337 3369 mox

245 3398 312 3486 ejus
333 3409 371 3465 ut
394 3399 508 3464 dicitur
528 3399 656 3465 brachia
669 3406 827 3478 aruerunt,
843 3422 992 3487 poenaque
1006 3423 1064 3467 sua
1077 3402 1205 3467 caeteros
1218 3409 1338 3488 perter-

244 3502 318 3579 ruit,
331 3522 370 3564 ne
385 3499 453 3583 quis
467 3521 520 3565 eos
533 3499 663 3565 ulterius
676 3499 854 3586 contingere
867 3501 1006 3566 auderet.
1051 3500 1179 3568 Videris
1190 3502 1338 3588 adquam

245 3623 298 3667 eos
314 3599 496 3687 profectum,
514 3621 570 3685 per
585 3606 635 3663 tot
656 3607 797 3685 tempora
819 3600 1016 3687 providentia
1036 3600 1143 3668 divina
1164 3611 1335 3669 conservet.

246 3701 394 3766 Fortasse
418 3700 530 3764 horum
551 3697 742 3783 quandoque,
769 3700 842 3785 quia
868 3722 932 3766 non
959 3701 1050 3767 aliter
1079 3702 1138 3768 nisi
1168 3702 1337 3770 Ohristiani

249 3823 316 3867 esse
330 3807 491 3887 putantur,
508 3805 618 3885 gentes
633 3797 695 3863 illae
710 3798 932 3885 praedicatione
947 3801 1103 3868 salvanda
1120 3809 1204 3868 sunt.

292 3901 335 3966 V.
359 3898 445 3965 Huic
463 3901 541 3965 loco
572 3896 739 3964 Seritobini
773 3900 833 3985 (sic
863 3900 946 3966 enim
966 3924 1043 3987 gens
1063 3902 1118 3969 illa
1142 3903 1336 3986 nominatur)

248 4000 341 4066 vicini
363 4008 445 4079 eunt,
464 4000 517 4085 qui
539 3998 635 4064 etiam
649 3998 768 4065 astatis
782 4008 921 4086 tempore
937 4002 1061 4069 uiribus
1073 4025 1136 4068 non
1152 4013 1267 4084 carent,
1283 4027 1340 4070 nec

249 4101 328 4180 aliis,
342 4107 453 4187 utpote
467 4100 541 4166 ieris
554 4098 629 4186 ipsis
642 4099 762 4165 ratione
775 4123 838 4166 non
855 4100 1006 4187 dispares,
1021 4125 1114 4187 quam
1128 4104 1233 4171 erudis
1253 4127 1341 4191 agre·

251 4202 346 4267 stium
374 4201 580 4266 animantium
609 4200 753 4266 carnibus
782 4210 968 4279 vescuntur3
1010 4202 1050 4266 de
1081 4227 1212 4289 quornm
1245 4206 1341 4270 etiam

250 4301 342 4368 hirtis
363 4300 495 4387 pellibus
516 4300 574 4364 sibi
590 4299 775 4366 indumenta
790 4309 948 4386 coaptant.
995 4302 1041 4366 Hi
1056 4326 1076 4367 a
1090 4304 1235 4387 saliendo,
1244 4303 1343 4391 juxta

251 4403 390 4489 lingnam
428 4401 602 4480 barbaram,
641 4401 864 4489 etymologiam
900 4401 1029 4468 ducunt.
1086 4403 1225 4471 Saltibus
1259 4405 1343 4471 enim
