3246 5078
642 442 935 501 PROLEGOMENA·
1217 435 1336 503 cxxvii

237 613 365 678 Taunus
385 618 418 676 et
444 607 598 681 alarico,
623 606 682 672 nisi
710 628 842 690 quorum
863 604 990 669 nomina
1006 608 1059 672 vix
1081 615 1129 672 est
1155 609 1256 693 eloqui
1279 632 1332 673 ore

236 712 393 777 Romano.
443 708 596 773 Amnium
621 707 653 771 in
679 707 758 771 alias
785 715 895 791 gentes
910 707 1103 787 exeuntium,
1121 709 1287 774 Danubius
1302 717 1334 773 et

237 812 430 884 Rhodanum
463 811 495 874 in
529 808 685 883 Rhenum,
721 806 834 871 Moeris
869 814 901 870 et
936 805 1059 893 Lupia;
1095 809 1127 873 iu
1162 808 1334 883 Oceanum,

135 903 138 909 ¹
239 912 389 989 Amisius,
410 908 553 994 Visurgis
571 916 602 972 et
619 908 711 972 Albis
723 905 895 972 clarissimi.
950 906 1052 993 Super
1066 908 1177 974 Albim
1190 909 1337 975 Codanus

238 1013 347 1099 ingens
362 1012 446 1077 sinus
471 1008 593 1093 magnis
616 1008 780 1094 parvisque
806 1006 915 1070 insulis
940 1008 1073 1074 refertus
1101 1018 1160 1075 est.
1213 1009 1285 1074 Hac
1303 1034 1336 1073 re

240 1135 335 1191 mare,
349 1111 430 1197 qnod
446 1110 563 1197 gremio
580 1108 705 1172 litorum
730 1106 891 1190 accipitur,
908 1129 1061 1191 nusquam
1076 1110 1139 1174 late
1163 1119 1261 1195 patet,
1278 1134 1335 1175 nec

238 1235 369 1297 usquam
392 1212 470 1276 mari
499 1209 609 1285 simile,
634 1231 752 1285 verum,
768 1206 857 1290 aquis
883 1208 999 1290 passim
1024 1208 1276 1275 interfluentibus
1297 1234 1334 1275 ac

239 1335 321 1399 saepe
336 1311 545 1398 transgressis,
559 1331 674 1394 vagum
691 1318 785 1392 atque
804 1305 961 1383 diffusum,
980 1310 1059 1374 facie
1080 1311 1231 1388 amnium,
1250 1334 1337 1396 spar-

239 1413 341 1498 gitur:
378 1435 441 1496 qna
469 1412 562 1475 litora
589 1409 728 1494 attingit,
757 1408 833 1492 ripis
860 1416 1044 1474 contentum
1069 1410 1240 1475 insularum
1273 1434 1334 1475 non

239 1513 330 1599 longe
347 1511 545 1586 distantibus,
563 1520 596 1575 ct
619 1510 733 1593 ubique
756 1531 843 1594 paene
858 1510 1056 1587 tantundem,
1076 1511 1101 1575 it
1118 1519 1286 1595 angustum
1304 1520 1337 1574 et

239 1635 297 1698 par
317 1612 418 1686 fret03
444 1633 637 1694 currensque
662 1633 694 1675 se
720 1607 861 1685 subinde,
881 1607 973 1692 longo
999 1610 1163 1695 supercilio
1187 1609 1337 1675 inflexum

239 1720 298 1779 est.
351 1712 390 1777 In
406 1735 443 1777 eo
458 1720 532 1778 sunt
550 1710 668 1777 Cimbri
683 1719 716 1775 et
741 1708 897 1775 Teutoni:
926 1710 1019 1788 ultra,
1037 1712 1140 1776 ultimi
1159 1711 1336 1777 Germaniae

241 1812 441 1878 Hermiones.

466 2061 589 2143 §xxrm
612 2064 730 2127 uurur's
756 2088 864 2129 uorrcn
885 2088 923 2129 or
947 2088 1109 2128 cunum.

292 2211 412 2298 Pliny's
426 2217 560 2275 account
572 2210 609 2275 of
616 2210 776 2298 Cermany
787 2212 813 2278 is
830 2214 923 2278 much
940 2236 1026 2276 more
1038 2211 1154 2289 Greek,
1166 2212 1229 2276 and
1243 2212 1336 2275 much

241 2313 301 2378 less
319 2311 423 2389 Latin,
442 2312 520 2375 than
538 2333 584 2374 we
609 2334 663 2375 are
688 2312 838 2397 prepared
861 2323 896 2378 to
919 2320 1032 2398 expect
1060 2314 1137 2377 from
1161 2336 1200 2376 an
1224 2313 1337 2377 author

244 2413 371 2499 writing
385 2413 417 2476 in
435 2412 489 2476 the
503 2411 656 2497 language
671 2414 707 2476 ol'
718 2412 831 2489 Caesar,
850 2413 912 2477 aud
927 2413 1116 2496 subsequent
1133 2421 1166 2478 to
1183 2412 1259 2476 him.

670 2610 742 2653 Ner.
768 2610 848 2651 Hrs'r.
871 2611 913 2650 IV.

284 2712 444 2777 XXVII.
468 2712 584 2799 Incipit
601 2713 672 2778 iude
690 2714 801 2778 clarior
817 2714 931 2800 aperiri
951 2714 1037 2779 fama
1057 2714 1098 2779 ab
1117 2720 1212 2799 gente
1237 2711 1337 2797 lngae-

242 2837 366 2890 vonum,
384 2837 452 2899 quae
474 2821 522 2877 est
546 2815 646 2898 prima
667 2815 740 2879 inde
763 2814 949 2879 Germania.
995 2816 1076 2879 Sero
1100 2837 1191 2880 mons
1214 2813 1256 2878 ibi
1279 2813 1337 2877 im·

241 2937 375 2992 mensus,
401 2937 458 2978 nec
480 2914 620 3000 Riphaeis
642 2912 729 3000 jugis
752 2917 863 2991 minor,
883 2915 1050 2980 immanem
1076 2916 1118 2980 ad
1139 2915 1338 2981 Cimbrorum
1451 2920 1462 2983 f

239 3038 336 3099 nsque
357 3013 601 3099 promontorium
628 3013 722 3078 efficit
748 3015 860 3091 sinum,
881 3016 933 3100 qui
956 3016 1102 3083 Codanus
1128 3025 1267 3095 vocatur,
1289 3039 1336 3080 re·
1436 3014 1447 3101 s'

240 3115 338 3180 fertus
352 3114 474 3179 insulis:
499 3136 630 3198 quarum
644 3116 814 3181 clarissIma
829 3115 1039 3181 Scaudinavia
1056 3126 1113 3194 est,
1131 3118 1334 3202 incompertae

240 3213 477 3301 magnitudinis,
495 3215 668 3299 portionem
685 3224 807 3281 tautum
820 3213 896 3301 ejus,
912 3217 995 3300 quod
1010 3218 1051 3281 sit
1066 3226 1185 3295 notum,
1203 3218 1336 3283 Hillevi-

240 3338 335 3380 onum
354 3324 448 3401 gente
469 3339 500 3378 n.
517 3314 671 3379 incolente
692 3316 792 3400 pagis,
811 3340 880 3401 quae
901 3317 1035 3381 alterum
1058 3318 1165 3382 orbem
1182 3328 1335 3383 terrarum

242 3438 311 3480 eam
337 3413 484 3501 appellat.
530 3413 597 3479 Nec
624 3424 671 3480 est
703 3416 804 3480 minor
833 3417 976 3502 opinione
999 3416 1145 3503 Euingia.
1198 3418 1336 3500 Quidam

242 3516 308 3580 haec
323 3515 459 3581 habitari
473 3514 515 3579 ad
531 3513 692 3579 Vistulam
706 3538 803 3599 usque
820 3514 949 3582 fluvium
967 3540 987 3582 a
1005 3517 1166 3597 Sarmatis,
1184 3518 1334 3597 Venedis‚

243 3616 348 3694 ScirIs,
371 3615 485 3681 Herria
513 3613 655 3679 tradunt.
717 3615 826 3680 Sinum
862 3617 1049 3703 Cylipenum
1081 3619 1209 3683 vocari:
1241 3627 1274 3683 et
1303 3622 1334 3684 in

240 3716 320 3783 ostio
347 3714 413 3802 ejus
442 3715 574 3779 insulam
603 3714 725 3780 Latrin.
775 3716 855 3781 Mox
877 3718 1012 3782 alterum
1042 3718 1144 3783 sinum
1179 3718 1334 3805 Lagnum,

240 3817 467 3883 conterminum
486 3814 630 3881 Cimbris.
677 3803 930 3882 promontorium
952 3817 1149 3883 Cimbrorum
1168 3841 1336 3886 excurrens

241 3917 273 3981 in
309 3918 408 3983 maria
430 3918 522 4002 longa
550 3915 744 4001 peninsulam
773 3914 877 3995 efficit,
906 3940 975 4001 quar
1008 3917 1127 3984 Cartris
1149 3919 1335 4004 appellatur.

240 4016 319 4083 Tres
351 4027 384 4083 et
417 4016 530 4102 viginti
565 4014 639 4080 iude
678 4016 786 4081 insulse
818 4018 1032 4083 Romanorum
1062 4019 1158 4084 armis
1190 4020 1334 4105 cognitae.

241 4117 361 4183 Earum
379 4116 588 4193 nobilissima,
607 4115 784 4196 Burchana,
804 4118 942 4183 Fabaria
958 4119 1073 4184 uostris
1090 4119 1184 4197 dicta,
1202 4143 1223 4185 a
1238 4121 1336 4207 frugis

238 4218 441 4283 similitudine
464 4226 575 4303 sponte
596 4217 816 4300 provenientis.
874 4219 956 4283 Item
980 4218 1146 4299 Glossema,
1170 4243 1190 4285 a
1211 4222 1335 4286 succino

242 4318 362 4383 militiae
379 4318 556 4403 appellata:
581 4340 601 4381 a
618 4317 756 4382 barbaris
774 4317 958 4394 hasbania,
974 4328 1148 4404 praeterqne
1165 4320 1313 4384 Actania.

292 4417 471 4483 XXVIII.
494 4417 575 4481 Toto
587 4426 693 4481 autem
708 4419 768 4481 hoc
782 4420 859 4482 mari
876 4419 917 4483 ad
932 4418 1070 4483 Scaldim
1084 4443 1180 4503 usque
1196 4417 1334 4497 flaviam,
