3232 5100
608 459 889 517 nemusculum.
1221 447 1298 517 xvii

92 592 97 601 ¹
200 624 422 691 OrosioPaulo
437 625 592 707 dicente);
611 623 662 689 hio
679 624 742 689 Dio
756 646 862 709 regem
878 621 939 702 illis
955 630 1026 708 post
1040 630 1182 707 tempora
1194 622 1295 687 multa

199 733 431 803 commemorat,
458 725 583 791 nomine
611 724 793 810 Telephum.
850 723 899 788 Ne
922 745 995 788 vero
1022 722 1205 807 quisdicat
1233 722 1294 786 boc

200 848 312 890 nomen
336 848 356 890 a
380 826 486 912 lingua
512 824 647 890 Gothioa
673 825 799 890 omnino
820 822 1015 910 peregrinum
1043 845 1118 900 esse,
1135 845 1227 888 nemo
1244 829 1293 889 est

199 925 252 1010 qui
266 925 384 992 neseiat
398 924 617 1004 animadverti,
631 948 689 991 usu
705 925 851 1010 pleraque
867 923 994 989 nomina
1009 931 1120 1009 gentes
1133 923 1291 1008 amplecti,

197 1034 235 1091 ut
260 1025 395 1092 Romani
423 1025 643 1104 Macedonum,
667 1025 769 1090 (irasci
791 1025 1013 1101 Romanorum,
1037 1023 1191 1089 Sarmata
1213 1022 1293 1088 Ger·

199 1147 372 1215 manomrp,
396 1127 492 1191 Gothi
518 1125 909 1212 plerumquemutuantur
925 1123 1124 1188 Hunnorum.
1170 1122 1203 1189 Is
1217 1143 1291 1209 ergo

201 1223 356 1311 Telephus
378 1226 525 1292 Herculis
547 1224 639 1303 filius,
661 1233 754 1290 natus
776 1248 817 1289 ex
839 1225 933 1310 Auge
952 1246 1057 1289 sorore
1073 1223 1201 1302 Priami,
1218 1245 1291 1287 con·

194 1322 285 1411 jugie
311 1328 484 1412 copulatus,
510 1347 655 1412 procerus
682 1325 806 1410 quidem
831 1345 968 1410 corpore,
997 1324 1053 1389 sed
1083 1325 1154 1410 plus
1184 1324 1290 1409 vigore

197 1426 353 1505 terribilis,
379 1436 542 1513 paternam
566 1425 782 1491 fortitudinem
804 1424 936 1510 propriis
960 1424 1129 1490 virtutibus
1153 1445 1289 1508 aeqnans,

199 1523 346 1593 Herculis
361 1528 453 1613 genio
469 1528 576 1591 formae
591 1549 712 1611 quoque
728 1525 962 1591 similitudinem
976 1524 1139 1590 referebat.
1183 1521 1290 1609 Hujus

196 1624 302 1710 itaque
319 1650 448 1712 regnum
467 1626 611 1692 Moesiam
625 1626 819 1712 appellavere
839 1621 980 1711 majores.
1031 1625 1108 1706 Quo
1132 1623 1291 1710 provincia

197 1726 238 1790 ab
263 1727 382 1791 oriente
398 1727 480 1792 ostia
501 1725 637 1797 fluminis
654 1724 801 1803 Danubii,
819 1749 840 1791 a
856 1723 984 1790 meridie
1001 1724 1230 1805 Macedoniam,
1247 1724 1289 1789 ab

197 1847 309 1890 occasu
333 1825 498 1903 Histriam,
522 1849 542 1891 a
567 1827 776 1912 septentrione
801 1825 981 1891 Danubium
1007 1825 1114 1891 habet.
1158 1824 1192 1890 Ie
1216 1847 1290 1912 ergo

195 1924 355 1991 antefatus
376 1925 486 1991 babuit
507 1925 623 1992 bellum
647 1948 719 1990 eum
741 1925 871 2001 Danais,
893 1925 926 1990 in
943 1948 1005 2010 qua
1018 1949 1123 2011 pugna
1137 1925 1291 1993 Thessan-

197 2023 290 2090 dmm
318 2026 429 2092 ducem
457 2026 586 2092 Gracia
614 2025 793 2101 interemit;
831 2034 863 2090 et
892 2026 968 2091 dum
995 2024 1129 2113 Ajacem
1160 2026 1290 2093 infestus

196 2123 329 2204 invadit,
349 2125 559 2213 Ulyssemqne
584 2126 786 2213 persequitur,
814 2148 893 2211 equo
918 2125 1058 2202 cadente,
1082 2126 1148 2211 ipse
1162 2129 1289 2205 corruit,

198 2224 392 2311 Achillisque
413 2223 520 2312 jaculo
550 2225 666 2292 femore
697 2226 866 2300 sauciatus,
898 2226 952 2290 diu
983 2226 1100 2291 mederi
1128 2226 1288 2311 nequivit:

198 2324 324 2392 Graecos
339 2334 454 2403 tamen,
466 2323 685 2412 quamvisjam
700 2325 831 2401 saucius,
844 2349 862 2390 e
876 2324 940 2391 suis
954 2323 1067 2391 finibus
1082 2327 1289 2411 proturbavit.

197 2424 336 2512 Telepho
351 2449 423 2493 vero
446 2427 602 2506 defuneto,
626 2426 798 2512 Eurypilns
819 2423 900 2491 filins
920 2425 1068 2491 successit
1081 2426 1114 2490 in
1128 2449 1232 2511 regno,
1249 2447 1290 2491 ex

198 2524 317 2591 Priami
342 2527 507 2614 Phrygum
527 2528 608 2613 regis
632 2549 780 2613 germana
795 2525 982 2612 progenitus.
1028 2525 1090 2606 Qui
1104 2525 1144 2590 ob
1159 2525 1291 2592 Dossen-

196 2624 260 2691 droe
275 2649 413 2692 amorem
430 2627 510 2693 bello
526 2627 673 2694 interesse
695 2625 841 2713 Trojano,
864 2648 902 2690 ac
923 2625 1104 2711 parentibus
1124 2648 1289 2709 soceroque

195 2725 275 2791 ferre
289 2727 441 2792 auxilium
455 2718 591 2813 cupieiss,
607 2751 682 2794 mox
695 2736 732 2792 ut
748 2727 834 2792 venit
851 2726 1009 2792 extinctus
1025 2734 1085 2792 est.

242 2824 343 2913 Cyrus
374 2850 430 2893 rex
460 2827 628 2894 Persarum
660 2836 731 2914 post
761 2827 880 2914 grande
908 2826 1116 2906 intervallum,
1146 2834 1179 2892 et
1209 2850 1288 2912 pene

62 2980 66 2989 .
195 2939 265 3012 post
288 2935 506 2993 sexcentorum
529 2928 659 3013 triginta
683 2950 835 2993 annorum
849 2935 1001 3014 tempora,
1017 2925 1169 3013 Pompeio
1184 2927 1289 3013 Trogo

197 3036 343 3107 testante,
360 3028 512 3093 Getarum
527 3029 640 3114 regina
656 3027 783 3106 Tamiri,
800 3027 857 3093 sibi
875 3027 1012 3104 exitiale,
1034 3028 1140 3092 intulit
1161 3027 1289 3093 bellum,

197 3126 258 3208 Qui
280 3129 381 3195 elatus
402 3152 442 3194 ex
461 3128 546 3193 Asiae
571 3128 707 3206 victoria,
726 3127 825 3193 Getas
839 3126 951 3192 nititur
965 3125 1149 3213 subjugar03
1173 3128 1206 3193 in
1221 3129 1288 3213 qni·

196 3227 255 3292 bns
279 3229 330 3311 (ιιι
354 3228 505 3312 diximus)
530 3235 714 3315 regnaverat
738 3227 881 3293 Tamiris.
927 3228 1004 3309 Quo
1026 3250 1099 3293 eum
1121 3228 1161 3293 ab
1176 3228 1287 3294 Araxe

196 3349 287 3392 amne
309 3326 385 3413 Gyri
409 3351 514 3394 arcere
535 3331 687 3416 potuisset
702 3350 852 3403 accessus,
869 3327 1000 3393 transire
1016 3336 1120 3393 tamen
1135 3330 1285 3414 permisit,

196 3426 311 3512 eligens
324 3427 420 3492 armis
434 3451 506 3493 eum
521 3431 652 3505 vincere,
666 3452 759 3514 qnam
773 3429 910 3493 locorum
925 3425 1073 3493 beneficio
1087 3429 1284 3495 submovere:

194 3526 277 3610 quod
292 3535 325 3592 et
340 3527 460 3592 lactum
477 3537 536 3593 est.
579 3529 624 3593 Et
640 3531 780 3594 veniente
804 3527 898 3615 Cyro,
922 3528 1024 3614 prima
1046 3529 1137 3594 cessit
1161 3530 1288 3595 fortuna

196 3626 324 3693 Parthis
348 3635 449 3705 tanta,
465 3635 502 3692 ut
529 3636 561 3692 et
586 3626 682 3695 filium
705 3627 849 3703 Tamiris,
871 3637 904 3694 et
926 3629 1095 3715 plurimum
1114 3630 1288 3695 exercitum

197 3726 397 3796 trucidarent.
450 3727 514 3793 Sed
540 3727 653 3793 iterato
677 3728 792 3807 Marte,
818 3728 908 3793 Getae
928 3752 999 3795 cum
1014 3752 1071 3795 sua
1084 3730 1192 3815 regina
1207 3729 1288 3795 Par·

197 3827 268 3894 thos
282 3829 421 3897 devictos
435 3836 584 3915 superant
598 3835 692 3912 atque
705 3837 917 3914 prosternunt,
931 3831 1128 3916 opimamque
1150 3830 1288 3916 praedam

198 3927 237 3993 de
260 3930 305 3995 eis
324 3931 489 3998 auferunt:
515 3929 619 4013 ibique
634 3928 767 4014 primum
783 3929 959 3995 Gothomm
974 3953 1052 4016 gens
1066 3929 1164 3995 serica
1177 3931 1287 3996 vident

197 4029 341 4094 tentoria
397 4032 486 4099 Tunc
516 4030 650 4098 Tamiris
686 4028 794 4114 regina
829 4037 923 4096 nacta
960 4029 1103 4109 victoria,
1138 4038 1288 4115 tantaque
1326 4024 1335 4043 ’

196 4126 304 4212 praeda
327 4127 365 4192 de
388 4131 519 4199 inimicis
543 4133 652 4219 potita,
678 4130 711 4195 in
734 4138 857 4216 partem
883 4131 1002 4197 Moesiae
1030 4132 1117 4216 (quae
1142 4153 1224 4196 nunc
1248 4153 1289 4195 ex

196 4250 311 4313 magna
326 4227 457 4314 Scythia
473 4254 584 4296 nomen
601 4240 754 4310 mutuata,
769 4231 871 4296 minor
891 4228 1024 4318 Scythia
1045 4240 1093 4296 est
1115 4232 1287 4317 appellata)

197 4330 360 4407 transiens,
383 4329 426 4394 ibi
449 4331 481 4395 in
507 4340 600 4416 ponte
628 4332 746 4397 Moesiae
770 4331 892 4404 colitur,
918 4340 950 4396 et
973 4330 1106 4397 Tamiris
1127 4331 1288 4396 civitatem

196 4452 252 4496 suo
280 4432 319 4497 de
346 4431 468 4496 nomine
495 4430 670 4496 aedificavit.
731 4432 854 4497 Dehinc
878 4431 994 4496 Darius
1022 4454 1079 4496 rex
1111 4431 1288 4507 Persarum,

1129 4556 1145 4593 Ρ
