3246 5078
314 422 363 493 34
588 435 665 491 rus
688 436 869 492 osauaur
892 437 939 493 or
963 437 1128 493 ruamus

357 594 524 667 ’Serratca
552 592 860 673 Bipatosque.]-'l¹he
883 593 1008 652 rerrwd
1028 593 1140 670 margin
1167 593 1200 651 of
1223 591 1273 652 the
1295 593 1410 653 ancient

315 691 394 748 coins
412 692 531 751 ensured
553 690 632 751 them
652 692 765 770 against
786 691 874 768 being
894 690 1016 769 clipped,
1030 690 1087 749 and
1108 689 1221 749 shewed
1240 688 1290 748 the
1309 696 1411 750 extent

315 799 345 846 tc
359 787 452 846 which
466 787 534 865 they
547 788 605 848 had
619 790 689 848 Men
703 809 791 847 worn·
1270 801 1273 806 '

355 885 423 962 Any
441 887 505 946 coin
523 887 618 965 might
641 886 677 945 be
699 896 832 945 serrum.
872 885 917 945 On
937 884 987 944 the
1007 884 1090 945 other
1109 885 1197 956 hand,
1218 885 1298 945 those
1316 882 1409 944 which

314 1004 387 1042 were
400 985 517 1044 marked
532 984 602 1043 with
617 984 667 1043 the
679 986 743 1063 bs'pa
757 983 801 1064 (or
814 981 971 1061 quadr-ipa)
982 1003 1053 1042 were
1067 983 1242 1061 exclusivcly
1254 983 1409 1042 silver-so

314 1081 380 1140 that
392 1078 515 1141 masau
534 1082 642 1160 applies
663 1094 693 1140 to
717 1081 767 1140 the
790 1088 907 1159 pattern
924 1081 957 1139 of
973 1079 1024 1139 the
1044 1081 1168 1159 coinage,
1182 1083 1291 1157 bigotus
1308 1087 1339 1138 to
1359 1079 1409 1138 the

313 1179 546 1238 material-See
561 1178 712 1239 Facciolet.
727 1179 757 1237 in
771 1198 817 1237 rr.

364 1696 432 1769 vl.
461 1696 520 1767 Ne
547 1698 679 1767 ferrum
707 1697 851 1790 quidem
877 1699 1065 1790 superest,¹
1089 1697 1182 1767 sicut
1208 1718 1406 1788 exgenere

314 1813 466 1884 telorum
480 1813 670 1906 colligitur.
722 1814 807 1884 Rari
830 1813 967 1907 gladiis,
985 1824 1048 1884 aut
1065 1812 1257 1904 majoribus
1274 1811 1407 1882 lanceis

314 1940 482 2001 utuntur:
503 1929 632 2012 hastas,
649 1930 705 2001 vel
723 1931 879 2024 ipsorum
898 1930 1070 2001 vocabulo
1083 1930 1250 1999 frameas²
1266 1940 1405 2022 gerunt,

313 2059 464 2140 augusto
482 2056 520 2118 et
536 2048 634 2118 brevi
661 2049 775 2131 ferr03
801 2057 857 2118 set
882 2049 934 2118 ita
955 2049 1026 2118 acri
1043 2058 1080 2117 et
1097 2045 1142 2117 ad
1163 2068 1267 2116 usum
1285 2045 1404 2127 habili,

312 2177 354 2233 ut
371 2164 497 2234 eodem
515 2164 598 2249 telo,
615 2173 723 2258 prout
739 2166 829 2234 ratio
852 2165 977 2257 poscit,
998 2163 1054 2233 vel
1073 2163 1232 2233 cominus
1246 2161 1301 2233 vel
1319 2163 1405 2233 emi-

313 2303 379 2350 nus
388 2290 568 2375 pugnent:
595 2290 632 2351 et
644 2303 751 2374 eques
767 2281 911 2374 quidem
928 2290 1029 2352 scuto
1044 2276 1248 2371 frameique
1259 2288 1406 2349 conten-

313 2407 457 2468 tuaest:
484 2398 623 2492 pedites
641 2406 678 2467 et
694 2396 841 2467 missilia
863 2406 1043 2491 spargunt,
1067 2396 1239 2489 pluraque
1265 2395 1405 2490 singuli,

313 2523 421 2607 atque
448 2514 484 2584 in
511 2516 724 2585 immensum
741 2513 895 2598 vibrant,
924 2513 1010 2583 nudi
1041 2522 1104 2584 aut
1133 2513 1256 2605 sagulo
1286 2513 1404 2584 leves:

313 2630 412 2702 nulls
439 2629 571 2716 cultris
585 2632 758 2723 jactatio:
786 2640 887 2701 scuta
915 2630 1059 2700 tautum
1081 2629 1281 2701 lectissimis
1310 2629 1406 2700 colo-

313 2748 409 2818 ribus
420 2749 645 2841 distinguunt
657 2771 664 2818 :
677 2748 797 2840 paucis
814 2747 953 2817 loricae:
972 2747 1033 2817 vix
1050 2749 1111 2817 uni
1130 2746 1278 2818 alterive
1289 2748 1404 2831 cassis,

313 2873 375 2934 aut
390 2864 500 2957 galea.
553 2863 646 2955 Equi
670 2887 741 2934 uon
766 2860 891 2946 forma,
909 2887 981 2933 nou
995 2862 1183 2935 velocitate
1201 2864 1403 2957 conspicui:

312 2981 374 3051 sed
387 3003 453 3050 nec
471 2983 604 3052 variare
621 3002 734 3075 gyros,
747 2981 786 3051 iu
798 3003 933 3051 morem
949 2989 1121 3064 nostrum,
1133 2982 1316 3052 docentur.
1359 2979 1404 3051 Iu

314 3106 452 3168 rectum
469 3107 532 3168 aut
549 3121 620 3168 uno
638 3098 734 3168 flexu
746 3099 891 3168 dextros
908 3107 1030 3191 agunt,
1042 3098 1093 3169 ita
1106 3098 1296 3189 conjuncto
1309 3099 1405 3182 orbe,

314 3223 356 3284 ut
371 3236 476 3283 nemo
494 3216 666 3309 posterior
690 3215 747 3285 sit.
800 3213 845 3283 In
867 3216 1070 3285 universum
1097 3215 1296 3297 estimanti,
1325 3216 1405 3308 plus

313 3352 423 3422 penes
440 3331 596 3422 peditem
608 3330 763 3400 roboris:
787 3353 900 3424 eoque
917 3331 1022 3400 mixti
1040 3330 1258 3422 praeliantur,
1272 3329 1357 3424 apti
1369 3340 1407 3401 et

315 3457 533 3540 congruente
551 3449 594 3518 ad
613 3456 812 3539 equestrem
838 3470 993 3540 pugnam
1020 3446 1221 3529 velocitate⁴
1233 3448 1406 3541 peditum,

316 3586 403 3655 quos
425 3586 472 3634 ex
500 3565 596 3634 omni
617 3563 812 3655 juveutute
837 3562 995 3634 delectos
1022 3571 1106 3634 ante
1136 3564 1249 3634 aciem
1275 3563 1406 3634 locant.

317 3679 498 3750 Definitur
514 3689 552 3750 et
576 3702 766 3751 numerus:
793 3680 934 3750 centeni
953 3703 1000 3750 ex
1017 3678 1165 3773 singulis
1182 3679 1281 3773 pagis
1298 3689 1403 3751 suut:

317 3797 425 3891 idque
442 3799 557 3890 ipsum
588 3797 682 3866 inter
707 3819 787 3867 suos
813 3805 1005 3868 vocantur:
1029 3805 1066 3866 et
1091 3796 1185 3889 quod
1208 3791 1324 3888 primo
1342 3819 1407 3866 nu-

316 3937 434 3984 merus
446 3898 524 3997 fuit,
535 3914 613 4007 jam
626 3936 757 3982 nomen
768 3924 806 3983 et
819 3914 948 3983 honor³
963 3922 1027 3984 cst.
1073 3913 1183 3984 Acies
1200 3935 1263 4006 per
1275 3936 1406 3984 cuneos

318 4031 551 4123 componitur.
590 4030 727 4100 Cedere
742 4030 830 4113 loco,
848 4031 1039 4101 dummodo
1055 4051 1173 4101 rursus
1190 4030 1310 4112 instes,
1324 4052 1406 4099 con-

318 4149 386 4221 silii
421 4146 529 4241 quim
564 4147 760 4218 formidinis
793 4147 1020 4218 arbitrantur.
1072 4145 1230 4239 Corpora
1262 4168 1405 4217 suorum

319 4267 427 4338 etiam
454 4264 631 4335 indubiis
661 4263 793 4356 proeliis
823 4263 991 4333 referunt.
1044 4262 1195 4334 Scutum
1222 4262 1406 4355 reliquisse

318 4383 532 4476 praecipuum
550 4380 746 4474 flagitium:
774 4402 839 4449 uec
865 4388 928 4449 aut
955 4380 1060 4450 sacris
1081 4380 1212 4460 adesse,
1236 4391 1299 4449 aut
1324 4400 1408 4481 con·
