3232 5100
618 461 899 519 EP1LEGOMENA.
1217 451 1305 519 xxxi

212 649 278 693 esse
305 628 461 704 deletam
492 626 551 694 nisi
580 627 662 691 forte
695 624 768 709 qnia
796 624 865 689 loca
892 622 1012 702 eadem,
1036 624 1090 689 ubi
1122 625 1189 692 hec
1219 636 1309 714 gesta

211 726 363 808 feruntur,
390 753 451 794 non
479 729 555 794 satis
578 725 832 810 historiographis
856 733 933 790 nota
955 725 1091 804 firerunt,
1118 735 1151 791 et
1179 728 1234 793 vix
1265 728 1306 793 ab

211 827 315 913 aliquo
329 852 435 894 eorum
450 829 579 914 vulgata
594 836 678 903 sunt,
694 823 759 889 fieri
775 825 923 919 potuerit,
938 833 975 890 ut
990 848 1086 910 usque
1108 826 1150 891 ad
1171 828 1204 892 id
1226 839 1307 893 tem·

213 1049 271 1112 ego
296 1029 402 1095 referri
424 1052 444 1094 s
469 1026 655 1114 quibusdam
680 1024 916 1110 audimusque
941 1026 1034 1090 hodie
1048 1027 1080 1091 in
1095 1026 1214 1096 intimis
1229 1029 1307 1095 Ger-

211 1129 324 1193 manias
340 1128 452 1195 linibus
468 1136 595 1214 gentem
610 1128 720 1190 harum
737 1126 872 1190 existere
888 1126 1084 1193 feminarum.

255 1229 357 1295 XVI.
380 1229 483 1315 Igitur
504 1234 696 1293 transmeato
723 1225 932 1312 Longoberdi,
958 1226 998 1291 de
1022 1249 1083 1311 quo
1115 1226 1305 1306 dixeramus,

211 1325 347 1407 flamine,
365 1352 436 1395 cum
450 1329 492 1394 ad
506 1328 670 1394 ulteriores
683 1334 783 1390 terras
796 1326 1018 1411 pervenissent,
1034 1327 1096 1391 illic
1111 1350 1167 1413 per
1181 1336 1305 1415 tempus

212 1430 339 1514 aliquod
365 1429 649 1495 commorabantur.
695 1426 821 1492 Interea
846 1449 917 1491 curn
938 1426 1015 1491 nibil
1031 1427 1155 1494 adversi
1169 1431 1308 1515 suspica·

212 1541 328 1609 rentur,
355 1538 387 1597 et
413 1537 515 1598 essent
540 1528 649 1613 quieti,
673 1527 766 1612 longa
792 1526 885 1592 nimis
911 1526 1071 1606 securitas,
1094 1551 1163 1612 quse
1187 1552 1309 1616 semper

213 1630 470 1696 detrimentorum
494 1637 596 1694 mater
609 1636 669 1704 est,
685 1628 729 1692 eis
745 1650 807 1692 non
822 1627 977 1692 modicam
996 1629 1160 1713 perniciem
1175 1631 1307 1716 peperit.

213 1731 319 1795 Noetu
344 1731 476 1815 denique
499 1752 571 1794 cum
596 1727 787 1813 negligentia
811 1726 939 1793 resoluti
968 1728 1160 1812 quiescerent
1191 1731 1306 1809 cuncti,

213 1830 323 1897 subito'
341 1853 434 1917 snper
459 1852 512 1894 eos
539 1828 691 1913 Bulgares
713 1827 874 1902 irruentes,
897 1829 1001 1913 plnres
1026 1851 1066 1893 ex
1093 1829 1131 1894 iis
1154 1831 1307 1907 saucient,

213 1930 330 1996 multos
351 1937 560 2016 prostemnnt,
580 1936 612 1992 et
627 1927 659 1991 in
674 1933 800 1992 tantum
814 1950 871 2012 per
884 1950 991 1993 eorum
1006 1937 1109 1993 eastra
1124 1929 1306 1996 debacchati

214 2038 297 2110 sunt,
313 2040 349 2094 ut
364 2031 466 2116 ipsum
483 2027 718 2114 Agelmundum
734 2050 838 2112 regem
852 2026 1072 2104 interficerent,
1090 2027 1217 2116 ejusque
1238 2032 1310 2096 uni-

215 2152 285 2195 cam
299 2128 395 2195 liliam
411 2137 495 2194 sorte
511 2127 706 2213 captivitatis
719 2126 887 2192 auferrent.

206 2264 209 2271 ·
267 2229 387 2294 XVII.
420 2228 602 2313 Resumptis
631 2237 737 2291 tamen
768 2234 840 2312 post
865 2227 935 2291 baeo
964 2227 1162 2295 incommoda
1186 2230 1309 2316 Longo·

215 2330 304 2395 bardi
318 2330 443 2407 viribus,
462 2327 699 2402 Lamissionem,
715 2327 754 2392 de
780 2349 841 2412 qno
869 2328 1009 2413 superius
1034 2328 1224 2409 dixeramus,
1250 2332 1308 2397 sibi

214 2453 319 2516 regem
345 2432 583 2496 constituerunt.
628 2427 691 2510 Qui
713 2434 750 2492 ut
775 2435 843 2492 erat
860 2424 992 2512 juvenili
1007 2437 1101 2494 etate
1116 2431 1262 2509 fervidus,
1278 2440 1311 2497 et

215 2530 257 2596 ad
281 2531 354 2597 belli
376 2530 547 2595 certamina
568 2529 646 2594 satis
667 2535 839 2613 promptus,
861 2550 922 2591 non
940 2528 1027 2594 aliud
1041 2530 1101 2595 nisi
1116 2530 1309 2617 Agelmundi

176 2692 182 2702 ,
216 2648 323 2696 necem
337 2631 443 2696 ulcisci
458 2629 593 2715 cupiens,
607 2631 639 2694 in
654 2627 806 2713 Balgares
819 2650 908 2693 arma
930 2630 1096 2695 convertit.
1141 2630 1309 2716 Primoque
1428 2652 1433 2662 ’

215 2732 321 2817 proelio
344 2752 420 2796 mox
444 2729 617 2808 commisso,
645 2728 844 2814 Longobardi
872 2729 1014 2795 hostibus
1038 2738 1128 2816 terga
1142 2731 1254 2797 dantes
1267 2733 1309 2796 ad

215 2840 318 2898 eastra
333 2831 500 2917 refugiunt.
553 2829 642 2894 Tunc
657 2851 713 2893 rex
729 2828 882 2894 Lamissio
896 2828 957 2894 ista
971 2830 1172 2916 conspiciens,
1188 2832 1310 2897 elevata

214 2932 308 2999 altius
317 2955 392 2998 voce
406 2931 491 2997 omni
506 2929 656 2996 exercitui
672 2928 808 2994 clamare
822 2928 923 3016 coepit,
936 2937 973 2994 ut
989 2931 1224 3017 opprobriorum
1241 2955 1309 3017 quae

216 3034 416 3119 pertulerant,
434 3030 712 3107 reminiscerentur,
731 3038 1067 3114 revocarentqueante
1089 3031 1194 3098 oculos
1216 3033 1310 3097 dede·

216 3155 279 3210 cus,
303 3133 457 3219 quomodo
478 3155 585 3198 eorum
599 3152 705 3217 regem
718 3128 825 3196 hostes
832 3127 1057 3216 jugulaverint,
1075 3155 1169 3215 quam
1183 3132 1309 3198 misera-

215 3233 319 3298 biliter
344 3232 410 3319 ejus
434 3241 552 3311 natam,
579 3254 672 3316 quam
697 3230 757 3296 sibi
781 3230 922 3316 reginam
937 3238 1135 3316 optaverant,
1153 3234 1309 3319 captivam

216 3331 422 3398 abduxerent.
473 3332 637 3398 Postremo
657 3333 813 3406 hortatur,
835 3340 873 3395 ut
894 3354 927 3397 se
949 3354 1081 3416 suosque
1096 3333 1191 3399 armis
1206 3333 1311 3399 defen·

217 3432 336 3511 derent,
352 3432 462 3497 melius
476 3455 542 3497 esse
564 3431 669 3496 dicens
690 3432 723 3497 in
745 3432 826 3498 bello
847 3431 985 3497 animem
1007 3456 1131 3519 ponere,
1155 3457 1249 3519 qnam
1274 3444 1310 3500 ut

216 3533 290 3598 vilia
306 3531 461 3617 mancipia
476 3531 613 3597 hostium
627 3531 768 3598 ludibriis
784 3530 954 3619 subjacere.
1006 3533 1089 3599 Haec
1112 3543 1145 3599 et
1169 3532 1310 3620 hujusce·

217 3632 302 3698 modi
316 3632 488 3697 vociferans
504 3653 575 3695 oum
592 3630 720 3710 diceret,
737 3641 770 3697 et
793 3655 877 3697 nunc
901 3633 1004 3711 minis,
1026 3657 1109 3700 nunc
1134 3635 1309 3720 promissio·

216 3733 318 3808 nibus,
340 3733 383 3798 ad
407 3730 570 3797 toleranda
590 3752 697 3795 eorum
718 3733 837 3798 animos
853 3733 925 3799 belli
941 3734 1113 3799 certamina
1128 3735 1306 3800 roboraret:

215 3833 242 3898 si
264 3856 356 3918 quem
378 3833 473 3899 etiam
496 3830 614 3898 servilis
635 3830 819 3897 conditionis
842 3843 1031 3919 pugnantem
1055 3835 1195 3909 vidisset,
1218 3835 1331 3901 liber·⁴

215 3941 282 3998 tate
294 3957 367 3999 eum
379 3933 469 4000 simul
483 3954 555 3998 cum
566 3930 701 4017 praemiis
715 3930 856 3998 donaret.
904 3933 1045 3999 Tandem
1059 3933 1188 3999 hortatu
1203 3957 1308 4000 exem·

215 4034 327 4119 ploque
351 4033 508 4120 principis,
527 4028 587 4117 'qui
613 4030 731 4117 primus
756 4030 797 4095 ad
822 4031 937 4097 bellum
963 4033 1147 4119 prosilierat,
1175 4036 1306 4115 accensi,

216 4156 308 4220 super
330 4135 435 4199 hostes
453 4134 584 4210 irruunt,
602 4140 743 4217 pugnent
760 4132 916 4210 atrociter,
933 4142 965 4197 et
987 4155 1102 4219 magna
1115 4135 1309 4201 adversarios

215 4234 303 4299 clade
333 4241 542 4320 prostemnnt,
574 4233 761 4317 tandemque
791 4232 830 4296 de
858 4233 1028 4298 victoribus
1057 4236 1221 4300 victoriam
1258 4257 1309 4299 oa·

216 4335 346 4420 pientes,
374 4341 441 4399 tam
467 4333 547 4418 regis
578 4332 680 4412 funus,
704 4354 797 4416 quem
830 4334 971 4419 proprias
999 4332 1130 4420 injurias
1157 4334 1311 4400 ulciscun-

215 4444 278 4501 tur.
324 4435 413 4500 Tuuc
436 4455 551 4519 magrra
571 4432 610 4497 de
635 4433 772 4498 bostium
797 4433 918 4500 exuviis
941 4433 1047 4519 preda
1072 4435 1174 4520 potiti,
1199 4457 1240 4500 ex
1259 4436 1313 4501 illo
