3264 5086
532 454 652 510 sorus
677 453 729 509 ou
756 453 914 510 sacrior
939 453 1045 508 amu.
1255 439 1327 510 155

234 613 357 707 ditque
393 612 560 683 Sueviam
596 613 806 683 continuum
849 613 1025 682 montium
1058 613 1198 705 jugum,
1234 612 1328 683 ultra

234 730 328 823 quod
343 730 504 823 plurimae
530 738 655 823 gentes
673 736 806 823 agunt:
833 751 879 798 ex
897 728 1025 820 quibus
1041 727 1212 799 latissime
1228 738 1328 822 patet

236 845 451 940 Lygiorum⁵
473 864 604 916 nomen
628 847 665 915 in
686 845 806 939 plures
832 846 996 916 civitates
1022 844 1200 916 diffusum.
1252 846 1326 918 Va·

234 963 445 1036 lentissimae
478 965 679 1035 nominasse
714 962 874 1045 sufficiet,
910 955 1043 1050 Arios,⁶
1078 961 1326 1047 Helveconas‚⁷

236 1080 425 1164 Maoimos,
461 1079 610 1175 Elysios,
650 1078 898 1151 Naharvalos.a
959 1078 1069 1172 Apud
1105 1078 1328 1152 Naharvalos

234 1198 388 1290 autiquae
402 1196 585 1291 religionis
602 1195 703 1267 lucus
719 1196 928 1267 ostenditur.
980 1194 1151 1266 Praesidet
1166 1197 1329 1267 sacerdos

233 1314 397 1385 muliebri
413 1322 541 1385 ornatu
552 1314 581 1385 :⁹
602 1313 662 1384 sed
681 1321 701 1351 ‘⁸
711 1313 806 1395 deos,
822 1314 1115 1405 interpretatione
1126 1311 1328 1398 Romami,¹⁰

233 1430 416 1502 Castorem
429 1430 685 1523 Pollucemque
699 1431 744 1469 ”¹¹
764 1439 975 1501 memorant.
1027 1427 1081 1499 Ea
1098 1430 1150 1500 vis
1164 1431 1300 1500 numini
1317 1455 1326 1502 ε

135 1529 147 1551 ’
231 1571 362 1619 nomen
382 1543 538 1619 Alcist¹⁹
561 1548 659 1620 nulla
687 1548 886 1631 simulacra,
902 1546 1042 1617 nullum
1060 1548 1254 1640 peregrinae
1270 1571 1327 1618 su-

231 1666 451 1756 perstitionis
480 1666 691 1758 restigium:
722 1673 763 1735 ut
794 1665 919 1736 fratres
948 1674 1082 1745 tamen,
1111 1672 1153 1733 ut
1174 1664 1326 1756 juvenes

230 1791 455 1853 venerantur.
509 1779 681 1852 Ceterum
711 1779 792 1851 Arii
821 1804 927 1876 super
952 1782 1054 1862 vires,
1085 1781 1213 1872 quibus
1241 1804 1326 1852 enu-

231 1906 385 1968 meratos
410 1897 530 1991 paullo
547 1896 631 1969 ante
648 1898 798 1992 populos
817 1899 1046 1980 antecedunt,
1065 1907 1193 1981 truces,
1211 1899 1326 1969 insitae

232 2014 367 2084 feritati
401 2024 478 2084 arte
510 2037 552 2085 ac
583 2024 744 2108 tempore
778 2015 1048 2087 lenocinantur:
1083 2015 1184 2109 nigra
1214 2025 1326 2103 scuta,

233 2130 348 2201 tincta
364 2152 529 2224 corpora:
556 2141 650 2203 atros
666 2132 710 2202 od
727 2131 852 2225 proelia
868 2142 992 2202 noctes
1007 2131 1152 2226 legunt:
1179 2131 1325 2227 ipsisque

232 2247 422 2317 formidine
445 2255 554 2340 atque
578 2245 706 2317 umbra
730 2247 850 2319 feralis
876 2248 1055 2318 exercitirs
1077 2259 1248 2321 terrorem
1272 2251 1327 2320 in·

231 2364 360 2445 ferunt,
381 2362 480 2433 nullo
509 2364 668 2434 hostium
696 2365 895 2435 sustinente
922 2387 1055 2434 novum
1077 2387 1118 2435 ac
1148 2366 1249 2437 velut
1273 2368 1326 2436 in·

233 2479 373 2550 fernum
390 2490 596 2574 aspectum:
620 2504 702 2551 nam
719 2481 825 2575 primi
843 2483 879 2551 in
898 2481 1063 2551 omnibus
1079 2481 1214 2573 proeliis
1231 2483 1325 2554 oculi

231 2598 431 2668 vincuntur.
482 2598 593 2669 Trans
608 2597 739 2692 Lygios
756 2597 976 2669 Gothones¹³
988 2607 1193 2691 regnantur,
1204 2600 1324 2693 paullo

224 2713 301 2805 jam
343 2714 543 2798 adductius,
577 2714 685 2807 quaint
724 2724 852 2786 oeterae
891 2714 1151 2786 Germanorum
1189 2725 1325 2809 gentes,

230 2831 389 2901 nondum
414 2840 535 2902 tamen
555 2855 660 2925 snpra
676 2832 891 2903 libertatem.
944 2830 1113 2902 Protinus
1133 2832 1262 2904 deinde
1278 2834 1326 2905 ab

231 2945 374 3019 Oceano
392 2948 540 3043 Rugii,¹⁴
557 2960 594 3020 et
613 2948 776 3020 Lemovii
787 2948 828 3021 :²⁶
849 2950 1080 3040 omniumque
1096 2947 1221 3019 harum
1239 2973 1325 3044 gen·

231 3065 321 3135 tium
355 3066 504 3158 insigne,
538 3066 693 3137 rotunda
726 3076 835 3151 scuta,
866 3065 991 3138 breves
1022 3064 1142 3160 gladii,
1170 3075 1208 3137 et
1240 3090 1324 3162 erga

229 3203 331 3274 reges
348 3181 569 3275 obsequium.

589 3448 677 3489 ΝΟΤΕΘ
697 3449 735 3489 on
754 3449 872 3491 fflOEIOll
891 3450 976 3492 xum.

271 3619 279 3654 ¹
294 3611 574 3696 Meropum-This
589 3618 621 3689 is,
635 3618 738 3678 almost
751 3620 898 3697 oemainly,
912 3622 963 3681 the
977 3622 1088 3683 Roman
1101 3624 1186 3684 mods
1198 3624 1231 3684 of
1240 3625 1325 3703 spell-

229 3712 281 3789 ing
306 3713 484 3790 Marso'opd
527 3713 605 3794 Why
626 3716 651 3775 it
673 3717 777 3777 should
804 3719 839 3778 be
861 3739 892 3778 so
915 3720 941 3779 is
962 3720 1084 3781 difficult
1107 3730 1138 3781 to
1164 3742 1222 3800 say.
1264 3722 1326 3783 the

228 3810 435 3871 combinations
456 3814 565 3891 pinpo,
590 3815 698 3891 lingo,
719 3817 778 3889 dra,
799 3837 847 3876 are
866 3818 962 3879 Latin.
1003 3819 1136 3899 Perhaps,
1160 3820 1211 3880 the
1230 3821 1325 3882 Greek

228 3907 311 3967 mode
325 3910 357 3968 of
366 3910 531 3989 expressing
545 3932 610 3988 ηιρ-
623 3912 662 3989 by
676 3937 717 3988 γγ
731 3932 797 3991 may
806 3915 879 3974 haro
892 3915 1069 3977 determined
1078 3918 1127 3978 the
1137 3938 1186 3978 uss
1195 3919 1228 3978 of
1237 3920 1286 3980 the
1294 3942 1324 3998 9.

270 4004 331 4064 'Phe
343 4026 426 4067 name
439 4008 520 4067 itsolr'
529 4010 563 4079 is,
577 4010 724 4088 probably,
739 4010 952 4073 German=the
965 4015 1135 4092 Mars-inps.

268 4101 357 4162 What
365 4104 431 4163 does
439 4106 535 4165 Mara·
545 4108 648 4168 moaul
682 4107 873 4185 NotMorch3
893 4111 1324 4194 sinoetheyaredistingnished

227 4200 301 4258 from
315 4199 365 4260 the
378 4201 603 4263 Murco-manni.

266 4296 391 4453 Pslrlhaps
403 4299 513 4359 March
555 4301 616 4363 the
625 4311 756 4381 country,
767 4303 903 4376 however,
914 4307 939 4366 is
952 4326 1029 4367 mors
1038 4308 1240 4368 mountaiuous
1251 4309 1323 4368 thau

226 4414 301 4455 mars
323 4415 351 4473 y.
