3202 5076
618 431 910 489 PROLEGOMRNA.
1210 417 1312 488 lxxxi

219 587 391 656 adventurn
408 598 589 678 exspectare
605 600 700 678 atque
720 594 763 659 ibi
788 594 947 659 decertare
967 593 1175 661 constituisse.
1220 594 1313 677 Quod

220 689 274 754 nbi
301 691 406 757 Caesar
427 693 588 778 comperit,
620 693 763 760 omnibus
795 695 844 760 his
874 695 966 761 rebus
994 694 1152 773 consectis,
1182 716 1312 780 quarum

219 811 324 855 rernm
354 814 462 858 caussa
492 793 691 859 transducere
722 795 893 861 exercitum
923 795 1137 873 constituerat,
1170 802 1205 860 nt
1235 795 1312 859 Ger·

218 891 320 956 manis
342 902 459 958 metum
482 892 631 981 injiceret,
653 904 690 960 ut
713 894 893 980 Sigambros
913 896 1122 973 ulcisceretur,
1144 903 1182 961 nt
1211 895 1313 961 Ubios

217 989 378 1056 obsidione
404 994 561 1070 liberaret,
584 994 693 1061 diebus
719 996 845 1061 omnino
861 1019 894 1061 x.
910 1005 942 1063 et
965 1019 1033 1063 vm.
1057 1003 1144 1061 trans
1166 995 1312 1061 Rhenum

220 1092 399 1172 consumtis,
423 1093 499 1159 satis
523 1102 556 1160 et
584 1095 626 1160 ad
657 1095 781 1161 laudem
808 1106 841 1161 et
869 1096 911 1161 ad
941 1097 1110 1163 utilitatem
1139 1096 1313 1182 profectum

217 1189 396 1272 arbitratus,
409 1217 442 1259 se
457 1194 491 1260 in
507 1194 642 1261 Galliam
656 1196 773 1282 recepit
787 1205 975 1284 pontemque
990 1196 1127 1264 rescidit.

597 1392 666 1434 CAES.
682 1393 767 1434 ΒΜ.
783 1394 872 1435 GALL.
888 1394 932 1436 Vl.

266 1490 330 1555 IX.
355 1491 468 1571 Caesar,
501 1501 666 1579 postquam
696 1517 736 1559 ex
768 1493 926 1581 Menapiis
961 1494 994 1558 in
1033 1493 1179 1560 Treviros
1213 1493 1309 1571 venit,

220 1588 341 1657 duabus
363 1592 402 1658 de
424 1593 539 1660 caussis
561 1594 706 1660 Rhenum
728 1595 860 1661 transire
881 1594 1062 1660 constitnit:
1089 1616 1221 1678 quarum
1244 1602 1311 1658 erat

219 1689 328 1771 altera,
352 1692 434 1778 quod
457 1694 576 1761 auxilia
595 1702 704 1763 eontra
727 1718 761 1762 so
785 1695 921 1761 Treviris
946 1695 1116 1768 miserant3
1141 1694 1249 1772 altera,
1272 1716 1311 1758 ne

220 1789 388 1858 Ambiorix
412 1792 454 1858 ad
478 1817 530 1860 eos
549 1804 709 1882 receptum
734 1795 873 1862 haberet.
925 1795 988 1861 His
1008 1795 1187 1861 constitutis
1208 1794 1310 1871 rebus,

220 1891 358 1975 paullum
375 1914 470 1977 supra
483 1917 554 1960 enm
578 1897 692 1975 locum,
710 1919 771 1980 quo
792 1906 866 1962 ante
886 1896 1058 1962 exercitum
1078 1896 1309 1973 transduxerat,

217 1989 322 2055 facere
339 1999 465 2076 pontem
490 1994 636 2061 instituit.
681 1996 766 2062 Nota
782 2006 876 2082 atque
892 1996 1038 2062 instituta
1050 1996 1180 2075 ratione,
1198 2018 1312 2081 magno

218 2090 357 2155 militum
372 2091 485 2172 studio,
508 2095 615 2180 paucis
636 2095 745 2161 diebus
765 2119 843 2182 opus
866 2095 1006 2162 efficitur.
1051 2095 1159 2161 Firmo
1184 2096 1216 2161 in
1237 2095 1312 2161 Tre·

219 2190 295 2256 viris
311 2192 456 2277 praesidio
472 2194 514 2259 ad
530 2202 659 2281 pontem
681 2196 798 2273 relicto,
822 2197 944 2280 nequis
963 2197 1004 2261 ab
1026 2197 1065 2262 iis
1089 2196 1192 2262 subito
1207 2203 1312 2261 motus

219 2291 359 2369 oriretur,
384 2293 517 2379 reliquas
539 2295 643 2381 copias
660 2295 893 2381 equitatumque
916 2295 1100 2362 transducit.
1148 2295 1235 2376 Ubii,
1258 2296 1311 2379 qui

220 2400 294 2458 ante
309 2392 432 2460 obsides
447 2394 597 2462 dederant
613 2403 708 2481 atque
729 2396 761 2461 in
780 2395 968 2461 deditionem
984 2403 1141 2473 venerant,
1157 2396 1310 2482 purgandi

221 2491 268 2557 sni
292 2514 401 2560 caussa
420 2495 462 2560 ad
481 2518 552 2561 eum
572 2494 692 2582 legatos
714 2496 855 2574 mittunt,
871 2496 924 2581 qui
950 2495 1092 2573 doceant,
1117 2501 1137 2532 “
1149 2519 1247 2580 neque
1270 2517 1310 2560 ex

220 2613 277 2659 sua
301 2594 428 2660 civitate
450 2595 568 2662 auxilia
592 2597 624 2662 in
654 2596 797 2663 Treviros
818 2597 922 2673 missa,
955 2618 1053 2681 neque
1083 2596 1125 2660 ab
1154 2617 1187 2660 ee
1216 2593 1311 2660 fidem

220 2691 368 2759 laeam?
391 2703 502 2782 petunt
529 2706 624 2782 atque
645 2705 747 2777 orant,
771 2703 839 2762 “ut
861 2696 919 2763 sibi
944 2705 1062 2782 parcat,
1088 2718 1127 2760 ne
1154 2696 1310 2761 communi

219 2793 291 2859 odio
308 2794 534 2863 Germanorum
548 2799 726 2864 innocentes
743 2820 799 2884 pro
815 2798 997 2863 nocentibus
1011 2819 1116 2884 pernas
1129 2795 1268 2880 pendant
1279 2795 1310 2858 :”

218 2893 245 2959 si
274 2896 407 2981 amplius
428 2897 570 2963 obsidum
593 2898 678 2977 velit,
702 2898 776 2964 dare
798 2898 992 2984 pollicentur.
1051 2896 1186 2983 (lognita
1207 2895 1310 2962 Oaesar

218 3016 326 3062 caussa
348 2998 472 3083 reperit,
496 2999 537 3064 ab
553 2997 663 3064 Suavis
687 2998 806 3064 auxilia
831 2999 925 3064 missa
947 3020 1023 3076 esse,
1042 2997 1198 3062 Ubiorum
1219 2996 1310 3063 satis·

218 3095 384 3163 factionem
396 3100 527 3185 accepit,
543 3099 647 3165 aditus
665 3099 789 3184 viasque
803 3099 834 3164 in
851 3098 969 3164 Suevos
983 3096 1142 3183 perquirit.

263 3195 310 3260 X.
339 3196 469 3264 Interim
509 3199 615 3285 paucis
649 3208 718 3286 post
757 3199 866 3264 diebus
900 3197 936 3263 lit
973 3199 1014 3264 ab
1052 3197 1145 3264 Ubiis
1184 3197 1306 3274 certior,

219 3296 338 3362 Suevos
359 3320 466 3364 omnes
490 3322 588 3364 unum
609 3300 641 3365 in
663 3299 765 3364 locum
795 3299 899 3385 copias
927 3321 1037 3384 cogere
1065 3306 1159 3382 atque
1185 3297 1224 3363 iis
1254 3319 1308 3362 na·

218 3397 365 3475 tionibus,
380 3421 449 3483 qum
465 3399 523 3465 sub
538 3422 644 3465 eorum
659 3399 722 3465 sint
742 3399 880 3485 imperio,
899 3399 1094 3476 denunciare,
1117 3397 1164 3463 uti
1190 3397 1307 3463 auxilia

219 3498 379 3584 peditatus
406 3499 621 3585 equitatusque
647 3501 786 3566 mittant.
855 3498 917 3565 His
942 3499 1073 3584 cognitis
1105 3498 1208 3575 rebus,
1240 3520 1306 3561 rem

217 3598 452 3665 frumentariam
473 3599 627 3686 providet,
651 3600 760 3666 castris
780 3599 926 3665 idoneum
947 3599 1050 3664 locum
1076 3597 1194 3683 deligit,
1213 3596 1307 3662 Ubiis

218 3698 361 3785 imperat,
377 3708 414 3764 ut
431 3722 543 3787 pecora
559 3700 715 3766 deducant
731 3722 847 3785 suaque
862 3699 966 3764 omnia
985 3722 1025 3764 ex
1046 3698 1130 3784 agris
1144 3698 1174 3762 in
1190 3696 1307 3782 oppida

218 3801 388 3878 conserant,
412 3822 549 3887 sperans,
571 3801 719 3867 barbaros
738 3809 832 3884 atque
852 3799 1013 3885 imperitos
1034 3798 1184 3877 homines,
1202 3797 1306 3883 inopia

217 3900 402 3965 cibariorum
418 3900 580 3980 adductos,
598 3901 639 3966 ad
657 3900 794 3986 iniquam
816 3898 975 3985 pugnandi
993 3898 1200 3964 conditionem
1216 3920 1305 3983 posse

218 3999 347 4066 deduci:
372 4001 511 4081 mandat,
530 4011 567 4067 nt
588 4001 711 4067 crebros
736 4001 947 4086 exploratores
970 4000 1002 4064 in
1024 4000 1142 4064 Suevos
1164 3998 1303 4073 mittant,

216 4124 343 4186 quaque
357 4102 442 4186 apud
456 4123 508 4167 eos
523 4111 681 4187 gerantur,
698 4109 895 4188 cognoscant.
941 4099 993 4164 Illi
1012 4099 1164 4185 imperata
1185 4098 1305 4163 faciunt

216 4211 248 4268 et
269 4202 376 4288 paucis
399 4202 508 4268 diebus
531 4202 714 4269 intermissis
731 4201 878 4280 referunt,
906 4199 1061 4266 “Suevos
1080 4221 1197 4275 omnes,
1218 4206 1304 4283 post·

215 4325 346 4387 ecquam
360 4303 506 4368 certiores
520 4302 623 4368 nuncii
635 4302 674 4369 de
688 4303 828 4369 exercitu
844 4302 1054 4367 Romanorum
1067 4298 1218 4377 venerint,
1231 4318 1303 4363 cnm

214 4403 358 4470 omnibns
384 4403 448 4469 suis
463 4402 675 4488 sociorumque
698 4402 804 4489 copiis,
820 4425 897 4486 quas
918 4401 1099 4487 coegissent,
1120 4399 1244 4484 penitus
1260 4395 1303 4461 ad

1133 4521 1155 4583 9
