3264 5086
296 389 343 461 88
573 404 650 459 rus
671 403 853 459 cauusur
876 403 924 458 or
945 402 1110 459 uacuus.

295 571 365 634 erat,
385 576 596 636 nonuunquam
619 557 758 631 interdiu,
776 557 880 635 saepius
900 563 997 631 noctu,
1016 557 1039 617 si
1063 572 1245 636 perrumpere
1268 562 1390 634 possent,

298 658 404 729 conati,
418 657 509 736 operis
529 655 691 717 munitione
708 662 738 714 et
757 654 886 714 militum
906 674 1046 714 concursu
1066 666 1096 714 et
1117 655 1182 713 telis
1202 653 1317 732 repulsi,
1334 653 1390 712 hoo

300 762 405 816 conatu
419 753 599 813 destiterunt

340 851 396 911 IX.
418 850 647 928 Relinquebatur
663 868 721 909 uua
734 868 786 928 per
805 847 950 927 Sequanos
964 850 1019 922 via,
1033 868 1099 926 qua,
1120 847 1259 926 Sequanis
1279 848 1388 919 invitis,

299 957 416 1030 propter
428 948 574 1027 angustias
585 948 692 1006 irenen
703 953 843 1025 powraut
885 947 941 1007 His
951 966 1042 1024 quum
1052 967 1104 1006 sua
1111 952 1210 1025 sponte
1225 947 1392 1026 pemuadere

301 1068 358 1107 non
372 1054 493 1126 possent,
507 1046 614 1124 legatos
627 1044 664 1104 ad
678 1044 885 1130 Dumnorigem
901 1044 1031 1104 AEdunm
1053 1045 1185 1114 mittunt,
1198 1051 1234 1104 ut
1249 1064 1282 1104 eo
1295 1044 1393 1123 depre-

300 1152 395 1204 catore
407 1164 425 1203 a
437 1143 576 1222 Sequanis
589 1143 785 1222 impetrarent.
827 1141 989 1201 Dumnorix
1002 1141 1096 1220 gratia
1108 1149 1138 1201 et
1150 1141 1302 1221 largitione
1315 1142 1393 1220 apud

302 1242 447 1321 Sequanos
468 1242 624 1321 plurimum
646 1248 759 1320 poterat
779 1248 810 1300 et
833 1240 975 1300 Helvetiis
996 1247 1057 1301 erat
1077 1241 1195 1310 amicus,
1210 1241 1286 1318 quod
1307 1261 1344 1300 ex
1360 1261 1393 1300 ea

301 1341 419 1400 civitate
443 1339 617 1418 Orgetorigis
639 1339 729 1399 filiam
749 1339 781 1397 in
803 1338 1018 1398 matrimonium
1036 1337 1167 1411 duxerat,
1187 1345 1217 1398 et
1233 1339 1393 1417 cupiditate

301 1438 382 1516 regni
396 1437 537 1497 adductus
549 1436 631 1495 n'ovis
651 1436 734 1495 rebus
754 1436 888 1495 studebat
907 1442 936 1494 et
950 1455 1036 1512 quam
1049 1436 1187 1514 plurimas
1199 1437 1328 1496 civitates
1341 1457 1393 1496 suo

302 1536 357 1595 sibi
379 1534 515 1594 beneficio
534 1533 638 1593 babere
660 1533 810 1592 obstrictas
831 1533 951 1593 volebat.
993 1532 1095 1611 ltaque
1114 1552 1174 1592 rem
1193 1534 1313 1612 suscipit
1331 1541 1390 1595 eta

302 1633 441 1711 Sequanis
455 1632 600 1710 impetrat,
612 1638 647 1691 ut
660 1650 711 1708 per
724 1630 794 1690 fines
808 1650 873 1689 suos
885 1631 927 1689 ire
942 1629 1089 1689 Helvetios
1099 1631 1255 1710 patiantur,
1269 1631 1390 1697 obsides·

302 1751 358 1808 que
378 1730 423 1788 uti
438 1730 514 1788 inter
527 1748 584 1787 sese
597 1727 674 1802 dent,
684 1727 815 1806 perficit:
836 1726 969 1804 Sequani,
979 1747 1015 1786 ne
1024 1728 1127 1788 itinere
1135 1727 1282 1788 Helvetios
1294 1727 1390 1808 probi·

301 1828 409 1899 beant,
431 1825 569 1897 Helvetii,
583 1832 618 1885 ut
631 1827 692 1885 sine
706 1824 844 1884 maleficio
858 1832 886 1883 et
900 1824 1007 1902 injuria
1019 1832 1173 1886 transeant.

342 1923 380 1983 X.
412 1923 517 1983 Ooesari
544 1923 736 1996 renuntiatur,
765 1922 906 1982 Helvetiis
932 1942 991 1983 esse
1017 1923 1048 1982 iu
1079 1924 1183 1996 auimo,
1212 1944 1263 2003 per
1290 1942 1390 2003 agrum

303 2023 502 2101 Sequanorum
522 2029 550 2080 et
571 2021 732 2081 AEduorum
751 2021 807 2080 iter
827 2021 858 2080 in
879 2021 1039 2081 Santonum
1057 2021 1128 2081 fines
1146 2022 1243 2095 facere,
1263 2022 1313 2100 qui
1333 2041 1390 2081 nou

300 2121 385 2197 longe
399 2139 416 2178 a
430 2118 606 2178 Tolosatium
619 2117 726 2178 finibus
742 2118 854 2191 absunt,
868 2138 933 2196 quar
946 2119 1047 2178 civitas
1061 2135 1103 2178 est
1115 2120 1147 2179 in
1160 2120 1315 2198 provincia.
1355 2118 1392 2178 Id

301 2218 325 2276 ai
345 2216 433 2289 fieret,
453 2216 642 2294 intelligebat,
664 2235 768 2294 magno
791 2236 858 2275 cum
880 2216 1005 2295 periculo
1025 2217 1177 2294 provincias
1196 2218 1336 2292 futurum,
1357 2223 1391 2276 ut

300 2314 431 2374 homines
443 2313 599 2387 bellicosos,
613 2314 714 2392 populi
734 2312 857 2372 Romani
879 2313 1019 2386 inimicos,
1032 2313 1101 2373 locis
1117 2315 1282 2392 patentibus
1301 2313 1393 2375 maxi·

299 2432 401 2490 meque
414 2411 607 2470 frumentariis
626 2410 764 2470 finitimos
783 2409 909 2470 haberet.
950 2410 993 2469 Ob
1007 2430 1053 2471 eas
1065 2431 1175 2472 caumas
1188 2413 1214 2471 ei
1229 2411 1393 2483 munitioni,

299 2529 387 2588 quam
398 2509 508 2580 fecerat,
521 2507 554 2567 Τ.
563 2507 720 2567 labienum
731 2508 858 2586 legatum
869 2508 996 2586 praefecit
1010 2529 1017 2567 ι
1038 2509 1099 2587 ipse
1111 2509 1142 2569 in
1154 2509 1270 2569 Italiam
1280 2509 1391 2588 maguis

300 2606 454 2666 itineribus
478 2604 634 2676 contendit,
659 2604 785 2682 dumque
806 2604 847 2663 ibi
868 2604 992 2683 legiones
1016 2606 1169 2666 conscribit
1191 2613 1220 2665 et
1243 2613 1306 2678 tres,
1324 2625 1390 2683 qura

301 2703 409 2763 circum
425 2702 588 2780 Aquileiam
601 2701 775 2773 hiemabant,
788 2721 825 2760 ex
845 2701 972 2761 hibernis
992 2701 1089 2761 educit
1107 2709 1144 2775 et,
1158 2723 1215 2780 qua
1228 2704 1392 2782 proximum

299 2801 355 2860 iter
367 2801 399 2859 iu
413 2801 577 2859 ulteriorem
597 2799 721 2860 Galliam
744 2818 795 2877 per
814 2799 903 2878 Alpes
923 2806 993 2872 erat,
1007 2819 1073 2859 cum
1092 2800 1139 2860 his
1158 2802 1285 2879 quinque
1304 2801 1389 2879 legio-

300 2898 386 2955 nibus
400 2897 442 2955 ire
456 2896 614 2957 contendit.
656 2896 703 2955 lbi
725 2895 880 2957 Ceutrones
900 2904 930 2956 et
950 2897 1090 2957 Graioceli
1109 2905 1138 2957 st
1152 2898 1309 2978 Caturiges,
1321 2899 1390 2958 locis

300 2993 492 3072 superioribus
505 2993 658 3071 occupatis,
673 2992 776 3053 itinere
790 2994 947 3054 executum
960 2994 1110 3073 probibere
1123 3002 1269 3055 conantur.
1311 2995 1393 3054 (lom-

301 3089 431 3168 pluribus
452 3088 497 3149 his
518 3090 627 3167 proeliis
647 3091 745 3168 pulsis,
758 3091 795 3150 ab
815 3089 908 3164 Ocelo,
922 3091 999 3169 quod
1016 3099 1060 3151 est
1079 3092 1218 3151 citerioris
1237 3093 1391 3172 provincia

301 3194 471 3261 extremum,
494 3186 526 3245 in
548 3187 619 3246 linea
643 3187 849 3247 Vocontiorum
868 3189 1011 3248 ulterioris
1034 3190 1188 3268 provincias
1207 3190 1254 3250 die
1270 3190 1390 3270 septimo

301 3283 451 3363 pervenit:
473 3282 540 3342 iude
559 3282 590 3342 in
608 3283 795 3362 Allobrogum
815 3284 894 3358 fines,
908 3285 944 3345 ab
958 3286 1160 3366 Allobrogibus
1177 3287 1209 3346 iu
1224 3286 1390 3366 Segusiauos

301 3383 460 3443 exercitum
475 3381 564 3442 ducit.
596 3381 637 3440 Hi
652 3394 720 3443 suut
733 3390 816 3444 extra
829 3384 1005 3462 provinciam
1019 3392 1097 3445 bans
1111 3385 1284 3446 Rhodanum
1298 3387 1392 3466 primi.

341 3478 399 3539 XI.
421 3478 549 3538 Helvetii
558 3478 620 3557 jam
634 3499 685 3559 per
705 3481 853 3558 angustias
867 3489 896 3541 et
910 3482 979 3541 fines
994 3481 1188 3560 Sequanorum
1211 3503 1275 3542 suas
1298 3485 1392 3561 copias

301 3575 523 3652 transduxerunt
546 3584 575 3635 et
597 3577 628 3635 in
651 3577 811 3637 AEduorum
832 3578 902 3637 lines
925 3587 1111 3658 pervenerant
1134 3599 1288 3658 eorumque
1308 3600 1393 3658 agros

300 3673 521 3754 populabantur.
564 3674 664 3748 AEdui,
675 3694 765 3752 quum
779 3695 809 3735 se
822 3696 930 3754 suaque
943 3677 980 3737 ab
993 3678 1029 3738 iis
1043 3678 1193 3739 defendere
1202 3697 1259 3737 non
1269 3685 1393 3756 possent,

298 3771 406 3850 legatos
414 3771 450 3830 ad
460 3770 596 3830 Oaesaoem
608 3771 729 3830 mittunt
738 3780 870 3852 rogatum
880 3775 1024 3834 auxilium
1037 3797 1044 3835 :
1059 3782 1076 3811 ‘⁸
1084 3777 1127 3835 ita
1136 3796 1166 3836 se
1176 3775 1253 3835 omui
1265 3785 1391 3854 tempore

300 3868 335 3928 dc
348 3869 454 3947 populo
468 3867 596 3927 Romano
606 3868 721 3927 meritos
731 3888 797 3944 esse,
807 3882 841 3930 ut
851 3891 931 3950 pune
946 3873 977 3931 in
988 3881 1140 3952 conspectu
1151 3874 1293 3934 exercitus
1302 3874 1392 3933 nostri

299 3965 361 4043 agri
375 3965 489 4037 vmtari,
499 3965 583 4024 liberi
596 3983 693 4024 eorum
707 3966 739 4024 iu
748 3967 915 4028 servitutem
926 3969 1039 4038 abduci,
1049 3970 1155 4049 oppida
1164 3971 1324 4049 expugnari
1335 3990 1392 4030 uon

299 4062 474 4122 debuerint.”
515 4061 622 4120 Eodem
643 4068 770 4140 tempore
794 4064 939 4136 Ambarri,
963 4068 1109 4127 necessarii
1137 4076 1166 4127 et
1188 4068 1391 4147 consanguinei

299 4158 471 4224 AEduorum.
487 4157 625 4218 Gaesarem
646 4159 794 4219 certiorem
813 4162 933 4236 faciunt,
948 4182 1016 4235 sese,
1035 4165 1216 4244 depopulatis
1235 4167 1320 4244 agris,
1335 4184 1392 4224 non

297 4257 380 4316 facile
393 4256 429 4315 ab
443 4254 557 4334 oppidis
573 4254 631 4313 rim
644 4254 770 4316 bostium
784 4259 933 4337 probibere
945 4282 952 4321 ι
973 4261 1043 4321 item
1057 4262 1232 4342 Allobroges,
1246 4263 1298 4340 qui
1312 4270 1391 4323 trans

297 4353 469 4413 Rhodanum
497 4352 573 4411 vicos
597 4353 838 4432 possessionesque
865 4357 1018 4431 habebant,
1041 4359 1109 4438 fuga
1135 4379 1165 4419 se
1191 4360 1228 4420 ad
1251 4359 1389 4420 (lasarum
