3232 5100
304 435 366 504 xiv
576 448 651 502 run
677 446 857 503 ornnem
884 448 932 504 or
956 446 1121 503 merrus.

305 609 444 676 medium
468 609 516 674 sui
542 607 641 674 dulcis
666 616 713 673 est
737 616 770 673 et
792 607 948 693 potabilis,
973 607 1133 693 piscesque
1160 607 1247 674 nimii
1279 608 1400 694 saporis

305 710 418 796 gignit,
433 708 551 775 ossibus
573 718 724 785 carentes,
741 707 954 794 cartilaginem
975 715 1099 773 tanturn
1118 708 1269 775 habentes
1283 710 1315 785 in
1330 732 1400 774 cor·

306 810 389 895 poris
420 808 654 876 continentiam.
714 807 777 873 Sed
809 809 862 874 nbi
896 806 932 872 fit
962 808 1066 873 Ponto
1098 809 1236 887 vicinior,
1266 831 1398 896 parvum

305 910 424 975 fontem
436 908 574 994 suscipit,
590 904 663 973 cni*
677 931 716 973 ex
729 909 874 994 Ampheo
889 930 1057 993 cognomen
1073 918 1130 987 est,
1147 909 1227 974 adeo
1243 932 1397 988 amarum,

305 1018 342 1075 nt
358 1033 428 1074 cum
443 1010 485 1075 sit
499 1033 549 1074 xn.
565 1009 684 1074 dierum
705 1009 814 1074 itinere
836 1008 1028 1093 navigabilis,
1051 1007 1143 1095 hujus
1165 1009 1254 1094 aquis
1276 1009 1397 1095 exiguis

306 1113 499 1187 immutetur,
517 1109 705 1193 infestusque
724 1131 761 1173 ec
783 1108 938 1175 dissimilis
964 1109 1022 1185 sui,
1046 1109 1127 1174 inter
1147 1110 1259 1175 Groeca
1283 1110 1400 1196 oppida

306 1209 476 1296 callipidas
499 1218 531 1275 et
553 1208 697 1295 Hipanis,
713 1208 745 1273 in
761 1232 846 1274 mare
861 1206 985 1274 defluat.
1032 1208 1086 1273 Ad
1099 1207 1186 1297 cujus
1201 1211 1282 1276 ostia
1296 1211 1398 1276 insula

307 1319 355 1376 est
379 1312 410 1375 in
433 1311 547 1385 fronte,
571 1309 705 1375 Achillis
729 1310 862 1375 nomine·
908 1307 996 1374 Inter
1022 1309 1080 1375 hos
1107 1319 1190 1375 terra
1213 1310 1397 1387 vastissima,

306 1410 392 1478 silvis
407 1412 535 1490 consita,
550 1409 715 1496 paludibus
730 1409 835 1476 dubia.

350 1511 416 1578 Hic
440 1534 513 1598 ergo
539 1510 652 1575 Gothis
676 1511 878 1585 morantibus,
915 1509 1051 1575 Vesoces
1076 1509 1307 1596 AEgyptiornm
1339 1533 1396 1574 rex

305 1613 338 1678 in
357 1612 473 1677 bellum
494 1612 603 1677 irruit:
627 1610 738 1694 quibus
752 1617 827 1675 tunc
844 1609 996 1676 Tannasis
1013 1618 1160 1675 rexerat.
1205 1610 1276 1691 Quo
1290 1609 1397 1696 proelio

306 1714 349 1778 ad
378 1711 506 1777 Phasim
533 1709 671 1787 fluvium,
699 1732 720 1773 a
745 1731 805 1793 qno
834 1709 985 1775 Phasides
1013 1732 1087 1775 aves
1115 1725 1241 1789 exorte,
1272 1711 1305 1776 in
1327 1717 1398 1775 toto

306 1811 424 1877 mundo
446 1810 557 1875 eduliis
579 1817 741 1895 potentum
764 1810 946 1887 exuberant,
964 1809 1119 1875 Tannasis
1141 1810 1317 1875 Gothorum
1339 1833 1397 1874 rex

309 1911 423 1977 Vesoci
441 1910 669 1997 AEgyptiorum
691 1909 833 1989 occurrit,
857 1931 988 1993 eumque
1009 1911 1148 1994 graviter
1169 1911 1337 1988 debellans,
1362 1909 1396 1974 in

308 2011 490 2098 AEgyptnm
516 2032 611 2095 usque
633 2018 812 2096 persecutus
833 2018 901 2075 est:
925 2018 958 2075 et
979 2008 1038 2075 nisi
1061 2008 1131 2075 Nili
1148 2010 1248 2076 amnis
1265 2011 1398 2076 intrans·

308 2112 450 2177 meabilis
465 2110 657 2177 obstitissent
671 2107 797 2185 fluente,
813 2110 863 2174 vel
878 2109 1074 2187 munitiones,
1092 2133 1168 2195 qnae
1183 2110 1302 2176 dudum
1327 2109 1397 2188 sibi,

309 2213 350 2277 ob
369 2211 557 2276 incursiones
570 2209 762 2295 AEthiopum
777 2209 908 2276 Vesocis
922 2207 987 2275 heri
1002 2209 1209 2296 precepisset,
1225 2210 1268 2276 ibi
1283 2210 1315 2275 in
1330 2207 1399 2296 ejus

309 2335 380 2377 enm
404 2310 506 2396 patria
528 2309 722 2375 extinxisset.
774 2308 837 2374 Sed
863 2310 938 2375 dnm
963 2332 1033 2374 enm
1058 2332 1178 2396 semper
1201 2310 1244 2375 ibi
1260 2311 1398 2396 positum

308 2436 370 2478 non
386 2412 531 2477 valuisset
546 2410 666 2491 laedere,
681 2417 838 2476 revertens
851 2432 930 2496 pene
946 2431 1068 2475 omnem
1084 2411 1195 2476 Asiam
1210 2409 1398 2498 subjugarit,

310 2521 342 2578 et
356 2513 415 2579 sibi
430 2520 505 2577 tunc
526 2530 598 2576 caro
622 2509 722 2575 amico
747 2508 847 2575 Soruo
870 2533 942 2596 rego
968 2510 1133 2576 Medomm
1157 2511 1199 2575 ad
1222 2512 1397 2597 persolven-

309 2614 384 2679 dum
408 2612 572 2689 tributum,
598 2609 758 2676 subditum
784 2609 868 2677 fecit.
912 2610 964 2674 Ex
989 2608 1077 2697 cujus
1101 2611 1240 2677 exercitu
1264 2611 1399 2677 victores

309 2722 385 2779 tunc
406 2711 545 2778 nonnulli
566 2710 738 2797 provincias
759 2709 899 2777 subditas
913 2718 1103 2789 contuentes,
1120 2720 1152 2776 et
1166 2712 1198 2776 in
1213 2711 1297 2777 omni
1311 2710 1398 2777 ferti·

307 2815 397 2880 litate
421 2813 581 2898 pollentes,
600 2810 721 2876 deserto
748 2833 873 2876 suorum
894 2810 1017 2897 agmine
1040 2818 1150 2897 sponte
1173 2812 1205 2876 in
1224 2812 1308 2878 Asia
1324 2834 1396 2898 par·

308 2914 392 2981 tibus
418 2913 607 2979 resederunt.
668 2909 720 2975 Ex
745 2932 876 2995 quornm
899 2910 1023 2975 nomine
1048 2912 1097 2976 vel
1129 2934 1241 2997 genere
1273 2911 1399 2998 Trogus

311 3013 481 3099 Pompeius
495 3011 685 3078 Parthorum
701 3010 777 3075 dicit
798 3011 939 3077 extitisse
955 3012 1141 3097 prosapiam.
1187 3011 1283 3078 Unde
1300 3012 1397 3078 etiam

308 3113 460 3197 hodieque
480 3113 587 3199 lingna
603 3110 753 3198 Scythica
775 3110 911 3196 fugaces,
926 3111 1010 3196 quod
1024 3120 1071 3177 est
1087 3111 1211 3188 Parthi,
1229 3112 1395 3178 dicuntur:

308 3236 423 3298 suoque
439 3213 544 3299 generi
561 3210 791 3298 respondentes,
817 3212 899 3276 inter
921 3233 1027 3277 omnes
1051 3233 1129 3297 pene
1145 3213 1230 3278 Asioe
1256 3213 1397 3279 nationes

307 3313 365 3379 soli
389 3312 541 3399 sagittarii
565 3319 648 3388 sunt,
671 3319 702 3376 et
724 3311 865 3376 acerrimi
882 3310 1057 3379 bellatores.
1107 3310 1158 3377 De
1172 3313 1298 3378 nomine
1312 3335 1396 3392 vero,

309 3413 391 3498 quod
408 3413 544 3478 diximus
559 3434 611 3476 eos
627 3410 772 3488 Parthos,
788 3410 821 3475 id
837 3420 885 3477 est
899 3411 1034 3497 fugaces,
1050 3411 1096 3476 ita
1110 3412 1262 3496 aliquanti
1276 3421 1397 3499 etymo÷

307 3512 424 3597 logiam
451 3518 624 3588 traxerunt,
650 3519 686 3575 ut
714 3509 889 3576 dicerentur
914 3511 1036 3590 Parthi,
1062 3512 1135 3596 qnia
1162 3535 1234 3579 suos
1257 3513 1397 3598 refugere

307 3619 462 3699 parentes.
515 3611 611 3677 Hunc
633 3632 706 3695 ergo
727 3608 894 3676 Tannasim
916 3634 1020 3698 regem
1041 3610 1216 3677 Gothorum
1240 3621 1398 3678 mortuum

307 3714 389 3779 inter
403 3712 532 3778 numina
547 3711 595 3776 sui
609 3709 715 3796 populi
729 3709 899 3779 coluerunt.

352 3813 430 3878 Post
457 3810 544 3899 cujus
571 3810 730 3875 decessum
751 3811 889 3875 exercitu
910 3809 977 3898 ejus
999 3834 1069 3877 cum
1103 3834 1277 3879 successore
1301 3814 1399 3900 ipsius

308 3914 340 3978 in
366 3913 434 3979 aliis
457 3911 598 3999 partibus
625 3910 854 3997 expeditionem
881 3921 1017 3997 gerente,
1040 3911 1162 3978 femine
1181 3912 1355 3980 Gothorum
1377 3937 1398 3980 a

307 4013 442 4099 quadam
458 4013 558 4079 vicina
581 4019 675 4097 gente
702 4018 841 4089 tentate,
865 4012 898 4076 in
926 4013 1123 4098 predamque
1145 4013 1247 4078 ducta
1270 4036 1291 4078 a
1314 4016 1397 4095 viris,

306 4114 430 4180 fortiter
452 4115 643 4191 restiterunt,
671 4112 836 4196 hostesque
861 4134 1003 4198 superse
1021 4113 1179 4179 venientes
1195 4136 1266 4178 cnm
1282 4137 1397 4201 magna

305 4214 493 4283 verecundia
505 4215 687 4299 abegerunt.
739 4213 809 4294 Qua
830 4222 940 4297 parata
955 4211 1093 4293 victoria,
1115 4213 1266 4298 fretaque
1286 4213 1396 4302 majori

305 4314 445 4389 audacia,
464 4313 595 4379 invicem
616 4336 649 4379 se
674 4313 882 4389 cohortantes,
900 4335 988 4377 arma
1006 4314 1168 4400 arripiunt,
1187 4315 1395 4400 eligentesque

641 4439 659 4472 ⁴*
673 4438 797 4508 Compare
808 4438 961 4505 Herodotus,
974 4439 1010 4491 ir.
1025 4442 1067 4492 62.
