3246 5078
300 432 350 505 32
574 448 652 503 rau
673 445 856 501 annuant
879 444 927 500 or
951 442 1118 498 neonus.

339 620 361 661 a
386 601 543 662 leteneion
563 602 596 661 ci
613 621 680 661 area
700 601 774 659 from
792 599 937 675 Germany
956 605 987 657 ιο
1006 599 1128 671 Britain,
1141 599 1214 657 from
1235 597 1348 658 Britain
1369 606 1399 657 tc

300 697 452 760 Ameriae:
474 706 504 758 to
517 719 567 777 ray
580 697 705 778 nothing
718 697 751 758 of
767 696 817 756 the
837 697 932 755 minor
951 697 1114 756 extensione
1129 696 1231 755 within
1245 695 1295 780 the
1307 696 1399 755 limite
1439 779 1444 788 υ

299 795 489 970 Ofiliilsrtiiiit
502 892 608 952 should
621 892 656 951 be
677 891 769 951 added
784 890 848 950 that
861 889 911 949 the
924 890 1063 950 Germane
1077 890 1110 949 of
1120 889 1170 948 the
1183 889 1281 948 hever
1295 888 1397 960 Rhine,

299 990 358 1050 and
370 988 556 1068 westphalia,
570 988 619 1048 the
637 988 773 1061 Frisiane,
787 988 848 1048 ond
866 987 1051 1061 Chenneeans,
1065 1008 1137 1047 were
1157 987 1207 1047 the
1226 988 1348 1046 sections
1367 985 1402 1045 of

298 1086 350 1146 the
370 1088 539 1168 population
554 1086 647 1146 which
662 1085 779 1146 Tacitus
791 1086 842 1145 has
866 1086 1013 1145 described
1036 1094 1110 1145 most
1130 1086 1161 1144 in
1185 1085 1283 1145 detaih
1324 1085 1396 1144 Now

300 1183 387 1260 these,
401 1193 432 1245 to
442 1185 532 1265 judga
545 1186 618 1245 from
632 1185 682 1244 the
695 1194 811 1264 present
824 1191 977 1264 occupante
998 1185 1031 1243 of
1047 1184 1096 1243 the
1117 1193 1196 1263 parts
1210 1184 1241 1242 in
1255 1183 1396 1262 question,

299 1301 371 1342 vvere
384 1290 517 1363 amongst
530 1282 580 1343 the
592 1291 667 1343 most
681 1284 790 1364 typieel
802 1284 835 1342 of
845 1281 920 1342 their
932 1281 1023 1342 stocle

739 1526 953 1541 ndu—-

351 1733 399 1806 V.
424 1733 542 1815 Terra,
560 1733 628 1803 etsi
651 1727 835 1824 aliquanti)
852 1733 970 1825 speeie
987 1731 1117 1816 differt,
1134 1733 1173 1803 in
1190 1756 1416 1837 uuiversum„

298 1860 420 1922 tamen
438 1858 500 1920 aut
516 1848 613 1920 silvis
625 1847 768 1919 horrida
784 1857 848 1918 aut
873 1848 1061 1940 paludibus
1074 1849 1201 1920 foedae
1218 1849 1397 1921 humidior

300 1965 372 2061 qua
403 1963 549 2048 Gellius,
577 1965 756 2036 ventosior
788 1963 859 2057 qua
890 1963 1065 2035 Noricum
1101 1988 1143 2036 ac
1173 1964 1394 2036 Pannoniam

300 2083 447 2177 aspicit:
475 2082 561 2154 satis
583 2083 693 2166 feras,
716 2082 966 2174 frugiferarum
996 2083 1161 2153 arborum
1196 2084 1395 2175 impatiens,

299 2223 468 2293 pecorum
482 2200 644 2283 fecunda,
662 2199 724 2270 sed
738 2198 947 2292 plerumque
966 2201 1175 2293 improcera:
1194 2223 1240 2269 ne
1257 2223 1395 2271 armen
1461 2234 1463 2237 ·

299 2318 346 2389 tis
364 2317 507 2411 quidem
526 2341 610 2389 suus
635 2316 757 2400 honor,
773 2325 836 2388 aut
853 2316 966 2411 gloria
983 2299 1130 2388 frontis:
1145 2340 1396 2423 numerogau·

299 2435 406 2506 dent:
420 2458 545 2529 eaeque
560 2435 644 2507 solae
659 2444 697 2505 et
712 2435 938 2529 gratissimae²
954 2456 1038 2526 opes
1056 2444 1150 2505 sunt.
1191 2433 1395 2528 Argentum

298 2562 336 2623 et
349 2575 475 2623 aurum
494 2553 637 2647 propitii
652 2575 698 2622 an
715 2552 796 2622 irati
820 2552 870 2621 dii
887 2552 1107 2644 negaverint,
1126 2551 1262 2623 dubito.
1314 2551 1352 2622 N
1353 2574 1396 2623 ee

297 2678 419 2740 tamen
442 2669 712 2750 adfirmaverim,
739 2666 874 2739 nullam
892 2666 1093 2738 Germania
1119 2691 1245 2740 venam
1272 2691 1397 2763 argen-

297 2794 376 2856 tum
394 2808 564 2857 aurumve
580 2785 741 2877 gignere:
760 2786 838 2876 quie
856 2784 951 2854 enim
969 2794 1146 2855 scrutatus
1163 2785 1244 2856 est?
1261 2808 1396 2878 posses·
1505 2803 1508 2812 ’

297 2902 397 2973 sione
423 2911 462 2972 et
495 2925 561 2973 usu
595 2899 690 2971 haud
718 2901 865 2994 perinde
897 2901 1121 2973 adficiuntur.
1178 2901 1244 2973 Est
1274 2902 1394 2972 videre

297 3018 392 3111 apud
410 3017 489 3088 illoe
506 3025 674 3111 argentea
700 3040 791 3100 vasa,
818 3016 1010 3113 legat-ieet
1035 3018 1253 3111 principibus
1270 3041 1393 3089 eorum

298 3135 438 3205 muneri
456 3135 548 3220 data,
567 3157 639 3204 non
653 3135 690 3204 in
708 3131 779 3205 aliia
797 3133 945 3216 vilitate,
964 3134 1072 3227 quim
1099 3158 1177 3226 quae
1203 3134 1313 3205 humo
1330 3136 1395 3205 fin·

296 3261 450 3345 guntur:
476 3272 689 3345 quamquam
719 3251 874 3344 phoximi
900 3251 946 3321 ob
967 3274 1071 3322 usum
1098 3254 1393 3323 commerciorum

297 3390 423 3438 aurum
442 3377 480 3438 et
497 3377 684 3462 argentum
711 3368 749 3437 in
773 3369 888 3461 pretio
911 3367 1055 3451 habent,
1074 3368 1276 3461 formasque
1293 3391 1394 3461 quas·

298 3485 380 3555 dam
404 3494 532 3556 nostrae
555 3485 714 3577 pecuniae
740 3491 948 3578 agnoscunt,
972 3495 1080 3575 atque
1109 3484 1273 3578 eligunt:
1299 3487 1408 3555 inte·¹

296 3602 407 3672 riores
434 3601 631 3695 simpliciire
654 3609 692 3670 et
718 3598 900 3693 antiquitis
928 3601 1192 3693 permutatione
1221 3602 1392 3672 mercium

193 3796 195 3801 ,
297 3727 459 3791 utuntur.
512 3716 706 3787 Pecuniam
740 3718 893 3810 probant
920 3727 1079 3788 veterem
1103 3727 1142 3788 et
1169 3719 1231 3789 diu
1258 3724 1392 3800 notam,

297 3822 469 3918 serratos,
483 3832 726 3928 Bigatosque.³
773 3833 975 3927 Argentum
995 3857 1136 3927 quoque
1156 3836 1269 3929 magia
1285 3830 1393 3928 quam

296 3975 423 4024 aurum
441 3961 646 4045 sequuntur,
673 3949 774 4022 nulli
798 3950 987 4022 affectione
1004 3953 1123 4035 animi,
1150 3954 1212 4023 sed
1230 3953 1313 4046 quia
1330 3976 1393 4022 nu-

297 4091 416 4140 merus
445 4076 695 4161 argenteorum
712 4066 850 4139 facilior
867 4069 944 4140 usui
964 4079 1019 4140 est
1035 4069 1235 4162 promiscua
1250 4092 1292 4141 ae
1309 4068 1394 4140 vilia

239 4276 243 4287 ¹
296 4185 550 4257 mercantibus.
620 4238 629 4251 .

785 4380 900 4396 ——a
