3202 5076
278 412 315 483 lx
550 429 627 485 uua
649 428 830 484 susurru
857 428 906 485 on
929 428 1092 484 'eronus

276 600 351 656 aute
375 591 569 657 Hortarium*
602 589 699 654 millia
727 587 888 653 homiuum
918 611 1007 652 xxrv.
1031 587 1072 651 ad
1102 609 1173 652 eum
1201 589 1365 666 venisseut,

275 692 388 775 quihus
416 692 501 758 locus
531 715 569 756 ac
604 691 693 757 sedes
725 697 919 775 pararentur.
980 688 1137 754 Futurum
1166 711 1233 755 esse
1260 689 1368 775 paucis

275 793 374 870 anuis,
389 792 437 857 uti
460 815 568 857 omnes
593 814 633 856 ex
661 790 771 855 Gallia
800 787 913 854 finibus
936 789 1123 874 pellerentur
1144 796 1238 873 atque
1261 812 1368 854 omnes

277 892 427 958 Germani
453 892 599 958 Rhenum
616 890 803 957 transirent:
827 911 926 974 neque
951 889 1034 954 euim
1057 889 1278 955 conferendum
1302 912 1368 956 esse

276 991 431 1058 Gallicum
447 1016 518 1058 cum
534 994 760 1058 Germanorum
785 1014 871 1077 agro,
894 1012 992 1074 neque
1015 991 1096 1054 hauc
1113 989 1366 1056 cousuetudinem

275 1093 378 1159 victus
401 1116 472 1158 cum
494 1093 547 1158 illa
569 1091 820 1178 comparandam.
865 1090 1061 1156 Ariovistum
1082 1099 1199 1167 autem,
1214 1098 1250 1155 ut
1273 1092 1368 1156 semel

276 1193 438 1259 Gallorum
465 1194 569 1279 copias
593 1194 699 1280 proelio
716 1191 837 1269 vicerit,
861 1191 945 1276 quod
968 1190 1108 1277 proelium
1126 1191 1244 1255 factum
1268 1191 1308 1257 sit
1325 1191 1367 1256 ad

277 1294 518 1379 Magetobriam,
544 1294 675 1380 superbe
703 1301 736 1357 et
758 1291 926 1357 crudeliter
947 1292 1110 1377 imperare,
1136 1291 1259 1357 oba'des
1280 1292 1367 1357 nobi·

273 1394 382 1460 lissimi
413 1393 561 1482 cujusque
590 1395 701 1460 liberos
731 1416 857 1478 poscere
884 1400 916 1457 et
944 1392 977 1457 in
1008 1415 1061 1459 eos
1091 1392 1196 1457 omnia
1224 1392 1368 1478 exempla

274 1496 488 1579 cruciatusque
513 1496 614 1574 edere,
630 1497 656 1561 si
679 1516 740 1580 que
765 1516 813 1559 res
837 1516 899 1558 nou
924 1492 966 1558 ad
991 1503 1102 1558 nutum
1124 1502 1180 1559 aut
1201 1492 1243 1557 ad
1260 1493 1368 1558 volun-

276 1603 375 1660 tatem
398 1593 465 1681 ejus
487 1596 572 1661 lacta
594 1596 653 1662 sit:
690 1594 846 1659 homiuem
873 1616 940 1660 esse
966 1594 1142 1672 barbarum,
1169 1593 1364 1673 iracundum,

274 1697 495 1765 temerarium:
518 1720 580 1761 nou
591 1719 679 1782 posse
695 1693 760 1781 ejus
783 1694 912 1779 imperia
927 1695 1045 1760 diutine
1058 1693 1212 1760 sustineri.
1259 1693 1327 1759 Nisi
1340 1693 1366 1760 si

273 1797 349 1882 quid
364 1797 396 1861 iu
418 1796 539 1863 (laesare
559 1798 732 1883 populoque
754 1795 897 1859 Murano
918 1795 959 1860 sit
974 1795 1092 1875 auxilii,
1108 1794 1251 1860 omnibus
1268 1793 1367 1860 Gallis

273 1897 357 1962 idem
397 1919 463 1962 esse
498 1897 688 1974 faciundum,
720 1895 803 1981 quod
842 1895 982 1961 Helvetii
1024 1895 1163 1975 fecerint,
1200 1903 1236 1961 ut
1272 1895 1366 1959 domo

273 1997 434 2083 emigrent,
458 1997 544 2062 aliud
566 1996 766 2075 domicilium,
790 1996 868 2061 alias
884 1996 982 2076 sedes,
1009 2006 1144 2063 remotas
1168 1995 1369 2061 aGermanis

274 2106 384 2184 petant
409 2097 636 2183 fortunamque,
652 2120 855 2182 quaecumque
880 2096 1012 2176 accidat,
1031 2098 1241 2184 experiantur.
1286 2098 1366 2162 Hae

275 2198 301 2264 si
329 2198 494 2264 enunciata
518 2198 677 2265 Ariovisto
707 2198 779 2276 siut,
807 2220 868 2262 non
892 2197 1046 2277 dubitare,
1062 2199 1135 2283 quin
1162 2197 1201 2261 de
1224 2198 1367 2263 omuibus

277 2299 445 2375 obsidibus,
462 2298 514 2384 qui
536 2300 620 2385 apud
635 2322 706 2365 eum
723 2299 796 2376 sint,
813 2297 1031 2384 gravissimum
1049 2297 1233 2385 supplicium
1249 2307 1366 2363 sumat.

275 2398 431 2466 Gaesarem
459 2400 509 2466 vel
537 2401 725 2466 auctoritate
762 2421 819 2465 sua
849 2405 943 2483 atque
974 2398 1139 2477 exercitus,
1170 2396 1217 2463 vel
1249 2398 1365 2463 receuti

275 2501 417 2578 victoria,
434 2501 482 2567 vel
498 2500 622 2567 nomine
649 2500 754 2587 populi
777 2500 912 2566 Romani
927 2499 1082 2565 deterrere
1099 2521 1198 2585 posse,
1213 2521 1253 2563 ue
1266 2496 1366 2585 major

273 2601 444 2667 multitudo
472 2601 698 2668 Germanorum
726 2601 873 2666 Rhenum
896 2600 1138 2677 transducatur;
1170 2598 1367 2685 Galliamque

276 2724 400 2767 omnem
417 2703 457 2768 ab
475 2703 626 2769 Ariovisti
641 2699 755 2787 injuria
769 2724 859 2787 posse
875 2700 1071 2766 defendere.”

321 2801 484 2867 XXXII.
517 2801 589 2867 Hac
618 2802 757 2866 oratione
779 2802 820 2867 ab
843 2802 1000 2866 Divitiaoo
1026 2801 1142 2881 habito,
1169 2824 1287 2881 omues,
1313 2802 1365 2886 qui

275 2903 417 2978 aderant,
442 2924 556 2987 magno
589 2899 665 2967 fletu
691 2902 844 2968 auxilium
867 2925 887 2967 a
919 2901 1040 2968 Gaesare
1065 2911 1171 2989 petere
1195 2912 1363 2989 ooeperunt.

277 3001 512 3067 Animadvertit
536 3000 649 3081 (laesar,
665 3025 743 3068 unos
764 3025 805 3067 ex
824 3003 968 3068 omnibus
985 3002 1146 3087 Sequanos
1159 3003 1236 3069 nihil
1259 3027 1365 3069 earum

274 3124 377 3168 rerum
400 3102 511 3179 facere,
527 3124 603 3186 quas
620 3103 714 3169 ceteri
739 3103 886 3180 facerent,
902 3102 957 3168 sed
974 3102 1088 3183 tristes,
1104 3105 1206 3189 eapite
1223 3103 1365 3183 demisso,

276 3211 391 3268 terram
409 3202 532 3268 intueri.
584 3200 662 3289 Ejus
688 3203 733 3268 rei
759 3226 868 3269 caussa
894 3226 962 3288 qua
990 3212 1071 3268 esset
1093 3204 1223 3270 miratus
1237 3227 1277 3270 ex
1292 3205 1366 3291 ipsis

275 3302 409 3387 quaesiit.
455 3301 543 3367 Nihil
568 3301 703 3388 Sequani
733 3303 927 3389 respondere,
951 3303 1006 3369 sed
1034 3304 1067 3368 iu
1099 3304 1207 3370 eadem
1237 3306 1366 3370 tristitia

276 3403 365 3468 taciti
381 3425 570 3489 permanere.
623 3402 725 3485 Quum
740 3404 781 3469 ab
803 3403 841 3469 iis
849 3404 968 3490 saepius
981 3414 1144 3489 quaereret,
1157 3427 1255 3490 neque
1269 3405 1365 3470 ullam

277 3503 403 3569 omniuo
434 3526 540 3568 rocem
564 3504 737 3589 exprimere
768 3512 882 3589 posset,
917 3504 1001 3569 idem
1030 3504 1205 3571 Divitiaous
1236 3505 1366 3571 AEduus

277 3603 456 3689 respondit:
497 3602 598 3669 “Hoc
628 3627 694 3670 esse
723 3604 913 3670 miseriorem
941 3604 1174 3691 gravioremque
1210 3605 1366 3670 fortunam

275 3706 489 3789 Sequanorum
503 3727 567 3790 prae
582 3704 778 3788 reliquorum,
794 3704 877 3789 quod
899 3704 956 3769 soli
981 3727 1021 3769 ne
1046 3707 1079 3771 iu
1100 3706 1223 3771 occulto
1239 3705 1365 3791 quidem

275 3805 371 3890 queri,
396 3827 496 3889 neque
518 3804 670 3869 auxilium
691 3804 855 3890 implorare
878 3805 1040 3884 auderent,
1062 3806 1259 3891 absentisque
1274 3806 1367 3870 Ario·

276 3904 348 3970 visti
378 3904 606 3980 crudelitatem,
622 3904 709 3970 velut
737 3904 763 3970 si
790 3927 893 3970 coram
916 3904 1050 3985 adesset,
1065 3906 1246 3973 horrerent:
1277 3930 1367 3993 prop-

275 4013 363 4070 terea
378 4003 461 4090 quod
488 4006 614 4090 reliquis
640 4014 746 4070 tamen
769 4005 850 4091 fuge
871 4005 1004 4072 facultas
1026 4006 1178 4084 daretur;
1217 4006 1367 4092 Sequanis

276 4129 360 4184 vero,
385 4105 437 4189 qui
462 4105 546 4169 iutra
572 4103 648 4170 fines
672 4128 744 4171 suos
769 4105 965 4171 Ariovistum
998 4109 1197 4194 recepissent,
1237 4130 1367 4192 quorum

276 4206 392 4292 oppida
412 4205 517 4270 omnia
533 4204 566 4269 in
581 4213 736 4290 potestate
754 4202 820 4289 ejus
844 4213 957 4285 essent,
972 4228 1079 4274 omnes
1096 4209 1251 4275 cruciatus
1266 4216 1369 4276 essent

278 4305 482 4393 perferendi.”

275 4433 294 4468 't
315 4432 401 4486 When
413 4450 429 4485 a
440 4449 515 4485 name
527 4432 549 4485 is
561 4430 661 4502 printed
674 4430 700 4484 in
714 4429 809 4498 Italics,
826 4431 846 4485 it
859 4430 911 4484 will
922 4430 954 4484 bo
967 4432 1070 4486 noticed
1082 4434 1109 4487 in
1122 4434 1166 4488 tho
1180 4434 1365 4507 Epilegomeuu.
