3246 5078
620 463 913 520 raonuuonsus.
1282 455 1313 523 oi

215 625 318 702 adem,
342 625 538 711 largitionem
566 632 677 703 tentet,
704 632 866 708 tamquam
890 647 1006 710 parum
1025 625 1189 691 ambitiose
1212 626 1310 693 filium

216 725 303 792 ducis
319 726 437 812 gregali
452 725 563 791 babitu
578 724 784 790 circumferat.
831 724 1043 810 Oaesaremque
1059 726 1232 813 Caligulam
1254 753 1308 815 ap·

215 825 324 910 pellari
361 825 447 890 velit.
505 826 664 891 Potiorem
698 822 768 911 jam
792 825 878 911 apud
905 827 1060 892 exercitus
1087 827 1306 913 Agrippinam,

214 948 309 1009 quam
324 925 454 1011 legatos,
468 949 561 1011 quam
576 926 689 992 duces:
714 948 920 1011 compressam
935 949 955 990 a
969 927 1097 992 muliere
1112 927 1305 1008 seditionem,

214 1027 264 1091 cui
278 1048 389 1090 nomen
406 1026 554 1112 principis
571 1027 720 1092 obsistere
736 1048 798 1090 non
813 1026 977 1110 quiverit.''
1021 1027 1224 1093 Acceudebat
1239 1029 1305 1095 haee

213 1127 423 1210 onerabatque
443 1125 583 1212 Sejanus,
603 1126 716 1212 peritia
739 1148 861 1191 morum
886 1124 1013 1203 Tiberii,
1030 1128 1103 1192 odia
1125 1128 1157 1192 in
1177 1129 1305 1215 longum

207 1223 338 1311 jaciens,
355 1250 423 1312 quae
437 1227 629 1303 reconderet,
646 1233 799 1310 auctaque
816 1234 981 1312 promeret.

258 1326 373 1392 LXX.
396 1329 444 1392 At
468 1327 673 1392 Germanicus
705 1326 871 1412 legionum,
895 1348 972 1411 quas
996 1328 1128 1393 navibus
1163 1339 1302 1410 vexerat,

210 1427 377 1492 secundam
409 1436 442 1493 et
478 1427 775 1512 quartamdecimam
801 1427 910 1491 itinere
936 1428 1074 1507 terrestri
1104 1427 1142 1493 Ρ.
1174 1428 1303 1495 Vitellio

209 1527 367 1594 ducendas
388 1528 497 1605 tradit,
521 1551 582 1613 quo
608 1528 705 1593 levior
727 1526 834 1592 classis
857 1527 973 1592 vadoso
997 1528 1075 1591 mari
1098 1529 1230 1607 innaret,
1255 1532 1303 1595 vel

210 1628 365 1714 reciproco
401 1629 526 1694 sideret.
585 1626 733 1693 Vitellius
759 1627 893 1713 primum
920 1628 981 1692 iter
1006 1628 1087 1692 sicea
1112 1629 1217 1706 humo,
1245 1640 1301 1696 aut

210 1728 331 1793 modice
348 1728 515 1793 adlabente
530 1737 618 1806 aestu,
635 1729 773 1813 quietum
786 1727 910 1792 habuit.
963 1728 1043 1792 Mox
1061 1729 1196 1814 impulsu
1213 1731 1301 1814 aqui-

207 1826 295 1907 lonis,
314 1829 407 1894 simul
430 1828 530 1894 sidere
552 1828 737 1913 aequinoctii,
753 1852 814 1913 quo
830 1828 967 1893 maxime
982 1829 1128 1894 tumescit
1147 1830 1300 1910 Oceanus,

205 1929 274 2013 rapi
291 1929 402 2012 agique
416 1951 548 2013 agmen:
575 1937 607 1993 et
621 1928 829 2014 opplebantur
843 1936 951 1993 terrae:
975 1929 1084 1994 eadem
1098 1929 1189 2008 freto,
1205 1930 1298 2010 litori,

206 2029 327 2113 campis
353 2028 465 2092 facim:
501 2050 600 2111 neque
625 2029 757 2093 discerni
782 2036 927 2113 poterant
959 2029 1078 2094 incerta
1110 2029 1150 2094 ab
1181 2031 1297 2111 solidis,

90 2187 95 2195 .
206 2128 315 2193 brevia
337 2151 357 2192 a
380 2128 551 2214 profundis.
596 2127 786 2193 Sternuntur
808 2126 962 2201 fluctibus,
983 2129 1169 2194 hauriuntur
1192 2133 1299 2218 gurgi-

206 2228 309 2294 tibus:
327 2226 484 2315 jumenta,
508 2227 644 2306 sarcina,
667 2250 796 2312 corpora
817 2228 962 2292 exanima
983 2226 1174 2307 interfluunt,
1193 2254 1298 2296 oecur-

205 2337 297 2393 sant:
325 2329 550 2414 permiscentur
574 2330 656 2393 inter
681 2327 901 2412 scmanipuli,
925 2327 1019 2391 modo
1043 2338 1177 2413 pectore,
1202 2332 1296 2396 modo

205 2451 259 2493 ore
287 2438 378 2495 tenus
405 2438 574 2511 exstantes,
601 2427 768 2513 aliquando
798 2427 957 2492 subtracto
990 2427 1055 2491 solo
1088 2427 1209 2514 disjecti
1240 2440 1296 2496 aut

207 2529 332 2593 obruti:
371 2554 433 2595 non
464 2552 534 2607 vox,
563 2538 595 2594 et
624 2529 726 2594 mutui
749 2528 893 2592 hortatus
915 2524 1081 2613 juvabant,
1111 2528 1296 2595 adversante

206 2630 310 2694 unda:
335 2630 411 2695 nibil
433 2639 577 2696 strenuus
598 2629 639 2694 ab
661 2629 783 2714 ignavo,
799 2627 923 2713 sapiens
945 2627 985 2691 ab
1007 2627 1207 2712 imprudenti,
1223 2652 1297 2694 con-

205 2729 276 2794 silia
304 2755 324 2796 a
355 2753 428 2796 casu
457 2730 602 2796 differre:
637 2739 750 2794 cuncta
779 2728 846 2814 pari
876 2727 1022 2792 violentia
1048 2728 1294 2796 involvebantur.

206 2829 348 2895 Tandem
365 2829 513 2896 Vitellius
534 2831 566 2895 in
591 2830 723 2895 editiora
744 2828 857 2904 enisus,
872 2827 982 2894 eodem
996 2850 1108 2914 agmen
1122 2829 1293 2894 subduxit:

206 2939 425 3015 pernoctavere
447 2933 512 2997 sine
534 2930 727 3005 utensilibus,
750 2930 816 2994 sine
838 2928 911 3014 igni,
929 2951 1041 3013 magua
1056 2950 1127 3012 pars
1141 2929 1226 2994 nudo
1240 2941 1296 2996 aut

203 3031 342 3096 mulcato
365 3054 503 3117 corpore,
519 3032 605 3095 haud
627 3031 730 3094 minus
753 3028 952 3106 miserabiles,
979 3050 1071 3112 quam
1093 3051 1169 3113 quos
1196 3031 1295 3097 hostis

202 3131 423 3197 circumsidet:
450 3132 563 3217 quippe
584 3131 646 3195 illis
667 3131 762 3195 etiam
784 3129 923 3194 bonestae
946 3128 1056 3195 mortis
1077 3151 1159 3207 usus,
1175 3130 1223 3195 his
1244 3131 1294 3196 iu·

202 3231 337 3317 glorium
362 3232 515 3297 exitium:
550 3232 606 3297 lux
632 3229 768 3296 reddidit
794 3237 929 3302 terram:
968 3236 1227 3314 penetratumque
1252 3232 1293 3296 ad

202 3354 327 3397 amnem
353 3331 520 3418 Unsiugin,
549 3354 609 3416 quo
639 3330 744 3397 Oaesar
768 3329 865 3395 classe
890 3329 1113 3394 contenderat:
1139 3330 1292 3416 impositae

202 3432 316 3497 deiude
340 3432 485 3519 legiones,
509 3439 644 3518 vagante
665 3431 750 3496 fama
770 3429 964 3502 submersas:
996 3452 1053 3494 neo
1075 3427 1152 3495 fides
1173 3431 1292 3508 edatis,

200 3540 371 3617 autequam
389 3533 541 3598 Oaesarem
557 3531 789 3615 exercitumque
805 3530 951 3595 reducem
967 3530 1081 3595 videre.

247 3633 382 3699 LXXI.
403 3631 481 3698 Jam
521 3632 688 3698 Stertinius
720 3631 762 3695 ad
795 3629 1009 3715 accipiendum
1039 3630 1070 3693 in
1100 3629 1289 3696 deditionem

202 3733 397 3819 Segimerum
418 3734 549 3798 fratrem
572 3732 709 3818 Segestis
729 3729 915 3816 praemissus,
930 3732 1033 3805 ipsum
1055 3732 1087 3794 el
1109 3727 1205 3794 filium
1224 3729 1291 3817 ejus

200 3833 409 3899 inuisitatem
426 3833 582 3898 Ubiorum
602 3833 810 3918 perduxerat:
835 3830 911 3896 data
935 3829 1056 3914 utrique
1078 3830 1178 3908 venia,
1200 3831 1291 3896 facile

200 3933 370 4020 Segimero,
397 3934 596 3999 cunctantius
617 3930 700 3997 filio:
727 3931 800 4016 quia
822 3930 983 4013 Quinctilii
1005 3928 1085 3994 Vari
1107 3952 1218 4016 eorpus
1243 3931 1289 3996 in-

198 4034 309 4100 lusisse
330 4035 503 4100 dicebatur.
561 4034 708 4100 Oeterum
730 4030 772 4096 ad
797 4031 969 4116 supplenda
992 4030 1147 4096 exercitus
1175 4030 1292 4097 dumm

198 4144 358 4200 certavere
381 4134 501 4212 Gellia,
526 4132 697 4219 Hispauiae,
723 4131 837 4207 Italia;
861 4130 944 4216 quod
966 4132 1076 4216 cuique
1098 4139 1287 4216 promptum,

198 4256 297 4314 arma,
321 4258 424 4321 equos,
446 4257 557 4300 aurum
579 4233 761 4299 offerentes:
789 4254 919 4316 quorum
941 4231 1070 4296 laudato
1092 4231 1196 4296 studio
1211 4230 1289 4297 Ger·

198 4336 349 4415 manious,
376 4335 472 4401 armis
496 4334 590 4400 modo
619 4342 652 4398 et
682 4334 768 4418 equis
793 4331 836 4397 ad
859 4331 974 4396 bellum
1000 4331 1142 4417 sumptis,
1166 4331 1291 4416 propria

197 4438 329 4524 pecunia
344 4436 475 4501 militem
493 4432 590 4521 juvit.
635 4434 743 4518 thue
767 4432 864 4497 cladis
886 4431 1068 4496 memoriam
1083 4431 1179 4495 etiam
1195 4432 1292 4497 comi-
