3246 5078
324 465 344 512 c
593 460 669 514 THE
691 459 875 514 GERMANY
901 457 949 513 01²
974 459 1141 514 bacmos.

324 622 407 685 intra
422 619 548 696 vallum,
572 619 670 684 donec
692 618 893 705 expugnandi
916 617 1022 684 hostes
1044 642 1109 705 spa,
1128 619 1254 705 propius
1270 618 1418 685 suceede-

325 731 415 785 rent:
442 743 517 785 mox
539 721 676 805 undique
697 718 940 804 erumpendum:
968 718 1023 782 illa
1036 720 1198 804 eruptione
1215 718 1257 784 ad
1271 718 1418 784 Rhenum

326 820 498 906 perveniri:
523 820 655 905 quodsi
679 820 831 906 fugerent,
856 818 960 904 plnres
987 819 1090 897 silvas,
1119 820 1290 906 profundas
1318 821 1419 905 magis

326 922 464 1006 paludes,
492 921 645 986 saevitiam
672 920 809 985 hostium
836 940 1014 1005 superesse:
1051 926 1085 984 at
1110 919 1280 985 victoribus
1312 920 1417 997 decus,

200 1020 211 1043 “
324 1022 474 1107 gloriam:
503 1045 570 1106 quae
586 1021 671 1087 domi
696 1043 778 1096 cara,
802 1041 870 1104 qma
897 1020 928 1084 in
943 1019 1053 1085 castris
1067 1019 1228 1097 honesta?
1242 1028 1415 1086 memorat:

324 1120 450 1188 reticuit
474 1122 513 1186 dc
536 1120 683 1187 adversis.
734 1119 842 1205 Equos
868 1120 990 1197 debinc,
1005 1142 1093 1185 orsus
1118 1119 1229 1199 asnis,
1244 1120 1418 1207 legatorum

325 1223 579 1307 tribunorumque
614 1222 700 1286 nulla
734 1221 915 1297 ambitione,
944 1220 1111 1285 fortissimo
1137 1221 1248 1304 cuique
1275 1220 1417 1286 bellatori

326 1322 434 1395 tradit,
450 1331 487 1387 ut
502 1324 544 1400 hi,
562 1344 637 1386 mox
654 1322 759 1408 pedes,
775 1322 807 1385 in
821 1322 944 1386 hostem
958 1318 1150 1385 invaderent.

370 1422 538 1487 LXVIII.
563 1422 660 1487 Haud
685 1421 788 1487 minus
816 1420 936 1506 inquies
961 1419 1145 1498 Germanus,
1166 1443 1231 1506 spe,
1261 1419 1416 1507 cupidine,

325 1531 359 1588 et
394 1523 523 1589 diversis
562 1523 677 1587 ducum
711 1521 874 1587 sententiis
900 1521 1033 1605 agebat:
1066 1520 1221 1597 Arminio,
1251 1521 1418 1586 “sinerent

326 1624 441 1710 egredi,
466 1645 663 1709 egressosque
684 1645 807 1688 rursum
830 1644 885 1706 per
905 1620 1035 1685 humida
1056 1629 1088 1685 et
1109 1620 1264 1706 impedita
1288 1621 1419 1685 circum·

326 1724 499 1802 venirent,''
521 1722 689 1789 suadente:
713 1722 868 1787 atrociora
890 1720 1098 1807 Inguiomero,
1114 1728 1146 1786 et
1167 1721 1245 1786 laeta
1266 1721 1417 1796 barbaris,

327 1830 346 1861 ‘⁴
358 1823 623 1890 utvellumarmis
636 1823 810 1888 ambirent:
835 1829 1011 1907 promptam
1027 1822 1299 1908 expugnationem,
1315 1821 1419 1907 plures

326 1924 475 2010 captivos,
491 1924 701 2008 incorruptam
724 1922 861 2008 praedam
888 1921 985 1986 fore.''
1037 1920 1141 2007 Igitur
1166 1930 1237 1987 orta
1262 1922 1321 2001 die,
1346 1944 1418 2008 pro-

326 2032 421 2090 ruunt
434 2025 541 2102 fossas,
557 2021 699 2111 injiciunt
714 2032 826 2098 crates,
841 2044 963 2088 summa
977 2020 1051 2087 valli
1066 2032 1225 2109 prensant,
1242 2046 1312 2089 raro
1326 2045 1418 2108 super

327 2124 436 2199 milite,
461 2135 494 2190 et
519 2125 606 2210 quasi
631 2123 672 2188 ob
697 2137 817 2188 metum
841 2120 955 2188 defixo.
1000 2122 1173 2208 Postquam
1188 2123 1304 2189 haesere
1318 2123 1418 2189 muni·

325 2227 449 2305 mentis,
474 2226 568 2291 datur
599 2224 777 2289 cohortibus
810 2223 944 2309 signnm,
972 2245 1147 2307 cornuaque
1172 2245 1211 2289 ac
1236 2224 1320 2288 tuba
1346 2246 1418 2288 oon-

326 2326 468 2390 cinnere:
493 2326 565 2391 exin
588 2321 722 2389 clamore
744 2332 776 2388 et
798 2324 918 2409 impetu
935 2323 1031 2409 tergis
1046 2322 1270 2388 Germanorum
1286 2324 1420 2388 circum·

325 2425 498 2491 funduntur
525 2425 758 2511 exprobrantes,
788 2431 880 2487 “non
897 2424 949 2489 hio
975 2423 1077 2501 silvas,
1108 2446 1165 2487 nec
1195 2423 1334 2509 paludes,
1361 2422 1418 2489 sed

325 2527 421 2611 arquis
440 2526 514 2593 locis
529 2548 632 2609 aequos
647 2525 751 2590 deos.”
795 2523 901 2601 Hosti,
917 2523 1007 2588 facile
1024 2523 1189 2600 excidium,
1207 2532 1240 2588 et
1254 2546 1370 2609 paucos
1387 2531 1419 2588 et

325 2649 492 2692 semermos
514 2626 675 2712 cogitanti,
699 2646 792 2690 sonus
814 2624 971 2699 tubarum,
994 2623 1096 2707 fulgor
1116 2646 1283 2702 armorum,
1300 2634 1417 2709 quanto

324 2727 460 2812 inopina,
491 2734 581 2791 tanto
610 2722 729 2810 majora
752 2724 976 2799 attundentem
1012 2725 1236 2809 cadebantque,
1261 2734 1298 2790 nt
1326 2726 1418 2793 rebus

325 2826 468 2892 secundis
481 2826 575 2902 avidi,
589 2825 636 2888 ita
647 2824 785 2890 advards
799 2825 927 2889 incauti.
972 2824 1134 2889 Arminius
1148 2825 1277 2910 Integer,
1295 2825 1419 2912 Inguio-

326 2948 430 2990 merus
452 2933 521 3011 post
543 2946 637 3010 grave
659 2924 779 3003 vulnus,
807 2947 944 3010 pugnam
967 2923 1150 2998 deseruere;
1185 2926 1296 3011 vulgus
1324 2929 1418 2992 truci-

327 3025 438 3090 datum
469 3035 527 3102 est,
558 3024 656 3088 donec
684 3025 732 3089 ira
760 3032 792 3089 et
823 3024 888 3089 dies
920 3025 1098 3109 permansit.
1160 3024 1260 3090 Nocte
1292 3027 1418 3092 demum

324 3148 454 3191 reversae
476 3126 621 3212 legiones,
653 3125 795 3209 quamvis
825 3125 895 3210 plus
927 3124 1102 3200 vulnerum,
1137 3125 1246 3189 eadem
1278 3127 1419 3192 ciborum

325 3239 446 3311 egestas
469 3228 627 3313 fatigaret,
653 3225 727 3302 vim,
752 3225 928 3300 sanitatem,
955 3224 1068 3309 copias,
1094 3232 1208 3289 cuncta
1230 3225 1261 3289 in
1288 3227 1419 3294 victoria

324 3325 468 3391 habuere.

370 3427 505 3492 LXIX.
529 3427 715 3492 Pervaserat
730 3425 856 3490 interim
872 3424 1109 3490 “circumventi
1126 3427 1309 3493 exercitus''
1323 3428 1417 3507 fama,

325 3540 357 3592 et
373 3528 516 3593 “infesto
531 3528 758 3592 Germanorum
773 3525 897 3610 agmine
912 3525 1032 3590 Gallias
1053 3526 1117 3609 peti
1131 3550 1139 3590 r
1151 3526 1171 3553 ’³
1193 3550 1230 3591 ao
1252 3529 1285 3593 ni
1303 3527 1419 3615 Agrip-

324 3627 398 3713 pina
420 3627 600 3713 impositum
628 3626 738 3691 Rheno
765 3635 891 3712 pontem
915 3625 993 3691 solvi
1017 3626 1234 3710 prohibuisset,
1253 3636 1342 3692 erant
1365 3629 1419 3712 qui

323 3728 357 3792 id
381 3725 534 3814 flagitium
558 3727 721 3793 formidine
746 3726 915 3791 auderent:
954 3725 1008 3791 sed
1032 3726 1146 3791 femina
1172 3727 1280 3811 ingens
1309 3729 1415 3804 animi,

324 3828 430 3893 munia
447 3828 535 3893 ducis
556 3852 610 3915 per
631 3849 684 3892 eos
706 3826 772 3892 dias
797 3826 910 3906 induit,
926 3825 1137 3911 militibusque
1160 3834 1196 3891 ut
1224 3827 1293 3909 quis
1317 3827 1415 3914 inops,

322 3937 378 3992 aut
406 3929 539 4009 sancius,
570 3937 688 3993 vestem
718 3935 750 3991 et
780 3927 919 3991 fomenta
949 3925 1097 4012 dilargita
1126 3935 1184 3993 est.
1240 3927 1351 3993 Tradit
1378 3929 1415 3995 O.

323 4028 454 4105 Plinius,
471 4029 727 4094 Germanicorum
749 4027 899 4092 bellorum
922 4026 1065 4111 scriptor,
1081 4028 1204 4091 stetisse
1226 4028 1310 4113 apud
1333 4030 1417 4113 prin-

322 4129 437 4215 cipium
459 4130 572 4215 pontis,
587 4127 695 4193 landes
717 4135 749 4190 et
770 4135 875 4212 grates
897 4126 1028 4192 reversis
1049 4127 1221 4212 legionibus
1235 4128 1415 4194 habentem.

323 4229 363 4293 Id
378 4228 494 4294 Tiberii
515 4230 654 4294 animum
678 4225 773 4291 altius
797 4228 983 4312 penetravit.
1030 4228 1133 4292 “Non
1154 4229 1238 4293 anim
1261 4229 1416 4315 simplices

320 4352 373 4395 aas
397 4352 504 4395 curas:
529 4353 586 4394 neo
611 4327 760 4394 adversus
786 4335 932 4393 externos
958 4328 1091 4393 militem
1115 4330 1231 4412 quari:
1263 4329 1338 4396 nihil
1366 4353 1418 4394 re-

319 4432 426 4496 lictum
449 4430 695 4517 imperatoribus,
711 4426 764 4491 ubi
788 4426 902 4492 femina
930 4429 1105 4513 manipulos
1129 4430 1302 4507 intendant,
1326 4431 1415 4513 signa

1616 2782 1617 2839 l

1614 2858 1617 2937 l
