3246 5078
676 407 966 464 νκοικυουυυκ.
1244 396 1355 465 cxxiii

258 561 420 651 Ἀρμενίου
445 565 502 631 καὶ
527 562 564 645 ἐξ
587 562 695 650 ἀρχῆς
718 561 834 644 διέστη
852 563 937 651 πρὸς
952 564 1011 645 την
1024 564 1157 647 γνώμην
1171 565 1282 642 αὐτοῦ,
1299 566 1357 633 καὶ

257 663 379 742 λαβὼν
418 665 532 752 καιρόν
556 664 778 750 ηὐτομόλησε,
804 666 861 732 καὶ
890 672 938 754 τῷ
959 664 1112 756 δριόμὲιρ
1148 673 1258 756 παρῆν
1292 672 1358 735 τῶν

260 766 442 851 φιλτάτων,
459 768 494 834 ἐν
512 772 592 855 τιμῇ
616 767 795 853 ιίηόμενος·
823 769 1016 854 ἐπόμπευσε
1036 769 1147 837 δὲκαὶ
1168 769 1276 852 Λίβης
1292 775 1358 838 τῶν

260 870 398 934 Χάττων
422 869 535 958 ἱερεὺς,
561 871 618 937 καὶ
644 871 737 937 ἄλλα
767 871 803 938 δὲ
833 873 975 956 σώματα
1004 873 1198 957 ἐπομπεόθη
1225 875 1263 940 ἐκ
1291 878 1359 941 τῶν

260 974 520 1060 πεπορθημένων
530 975 640 1050 ἐθνῶν,
657 974 879 1042 Καθόλκων
893 975 949 1041 καί
963 974 1089 1064 Ἀμψό
1099 1002 1182 1052 νων,
1195 977 1354 1062 Βρουκτέ·

259 1102 335 1160 ρων,
354 1078 579 1153 Νουσίπων,
594 1079 807 1166 Χηροόσκων,
829 1079 977 1153 Χόττων,
993 1079 1239 1168 Χαττουαρίων,
1261 1088 1355 1147 Λαν-

261 1180 346 1256 δῶν,
368 1183 634 1262 Σουβαττίων.
679 1182 796 1270 Διέχει
820 1181 857 1248 δὲ
881 1186 940 1249 τοῦ
958 1182 1124 1262 Ἄλβιοςό
1144 1183 1255 1266 Ῥῆνος
1278 1184 1358 1271 περὶ

261 1281 474 1370 τρισχιλίους
490 1280 656 1359 σταδίους,
680 1283 777 1352 εἴτις
801 1280 1050 1370 εόθυποροόσας
1076 1281 1148 1371 ἔχει
1170 1284 1230 1354 τὰς
1252 1281 1358 1356 όδοός·

262 1386 329 1452 νυνί
351 1386 387 1452 δί
410 1385 465 1452 διὰ
488 1388 630 1457 σκολιῶς
652 1384 709 1450 καί
732 1384 886 1466 ἑλώδους,
909 1385 965 1452 καί
980 1385 1120 1474 δρυμῶν,
1137 1391 1359 1475 κυκλοπορεῖν

260 1489 396 1572 ἀνῶγκη.

303 1593 343 1660 ‘0
359 1593 395 1660 δὲ
408 1592 578 1682 Ἔρκόνιος
601 1591 722 1681 δρυμός
747 1591 947 1676 πυκνότερός
973 1617 1010 1658 τε
1034 1591 1117 1666 ἐστὶ,
1133 1590 1190 1656 καὶ
1211 1593 1356 1676 μεγαλό-

262 1697 392 1785 δενδρος
415 1698 450 1763 ἐν
473 1697 611 1785 χωρίοις
633 1696 792 1783 ἐρυμνοῖς,
818 1696 942 1761 κύκλον
963 1693 1221 1783 περιλαμίάνων
1241 1694 1357 1779 μέγαν·

263 1804 297 1868 έν
310 1802 404 1888 μέσῳ
420 1800 455 1866 δὲ
471 1799 601 1885 ἵδρυται
614 1800 710 1888 χώρα
726 1801 838 1870 καλῶς
853 1797 1021 1864 οἰκεῖσθαι
1044 1798 1215 1882 δυναμένη,
1226 1797 1306 1885 περὶ
1319 1799 1359 1882 ἦς

263 1905 446 1992 εἰρήκαμεν.
486 1902 586 1968 Ἔστι
602 1900 637 1967 δὲ
658 1900 806 1981 πλησίον
828 1901 928 1984 αὐτῆς
951 1901 973 1984 ἥ
989 1927 1025 1967 τε
1040 1905 1099 1967 τοῦ
1108 1900 1243 1990 Ἴστρου
1257 1903 1359 1986 πηηὴ,

263 2008 321 2074 καὶ
336 2008 356 2089 ἡ
371 2011 431 2073 τοῦ
442 2004 565 2087 Ῥήνου,
582 2008 639 2073 καί
659 2007 678 2088 ἡ
702 2006 830 2091 μεταξὺ
844 2006 971 2091 ἀμφοῖν
985 2006 1097 2090 λίμνη,
1113 2005 1225 2073 καὶτὰ
1240 2008 1301 2089 ἕλη
1317 2008 1360 2075 τὰ

264 2112 302 2175 ἐκ
324 2115 384 2176 τοῦ
396 2110 509 2191 Ῥήνου
531 2108 739 2198 διοχεόμενα.
783 2108 883 2176 Ἔστι
905 2108 933 2175 δ’
950 2110 970 2191 ἡ
993 2109 1095 2193 λίμνη
1110 2110 1170 2191 τὴν
1191 2111 1253 2194 μὲν
1267 2112 1361 2200 περί-

262 2240 383 2303 μετρον
397 2213 543 2280 σταδίων
557 2211 722 2279 πλειόνων
735 2212 757 2296 ἢ
772 2213 813 2288 τ’,
829 2212 953 2299 δίαρμα
964 2211 1000 2277 δὲ
1015 2213 1113 2296 ἐηηίις
1128 2212 1170 2279 α’.
1210 2213 1308 2304 Ἔχει
1325 2214 1361 2280 δὲ

263 2319 319 2384 καί
345 2322 453 2400 νῆσον,
469 2314 490 2402 ᾖ
506 2316 675 2406 ἐχρήσατο
698 2315 888 2403 ὁρμητηρίῳ
909 2314 1059 2403 Τιέέριος
1082 2319 1262 2404 ναυμαχῶν
1276 2318 1360 2406 πρὸς

263 2421 504 2492 Οόῐνδελικοός.
535 2420 728 2506 Νοτιωτέρα
743 2417 770 2484 δ’
788 2417 861 2484 ἐστὶ
876 2421 941 2484 τῶν
956 2417 1157 2505 τοῦἼστρου
1173 2424 1289 2503 πηγῶν
1304 2422 1361 2487 καί

264 2527 357 2606 αὕτη,
368 2524 425 2589 καὶ
440 2522 774 2610 όἙρκόνιοςδρυμδς,
785 2518 865 2587 ὥστ’
881 2520 1008 2603 ἆνῶγκη
1024 2528 1071 2607 τῷ
1081 2521 1118 2586 ἐκ
1129 2527 1187 2604 τῆς
1199 2529 1362 2606 Κελτικῆς

264 2628 319 2695 ἐπὶ
334 2625 391 2694 τὸν
403 2627 573 2711 Ἑρκύνιον
588 2625 710 2714 δρυμὸν
737 2624 829 2700 ἰόντι,
844 2627 978 2711 πρῶτον
991 2624 1052 2707 μὲν
1074 2622 1276 2711 διαπεράσαι
1302 2626 1362 2707 τὴν

263 2732 392 2815 λίμνην,
406 2730 523 2797 ἔπειτα
537 2731 594 2796 τὸν
604 2728 745 2817 Ἴστρον,
762 2725 820 2794 εἰτ’
836 2726 898 2810 ἤδη
915 2724 956 2793 δι’
973 2727 1218 2814 εὐπετεστέρων
1228 2730 1363 2817 χωρίων

264 2836 320 2901 ἐπὶ
349 2834 406 2901 τὸν
432 2833 555 2922 δρυμὸν
576 2831 637 2904 τὰς
676 2832 859 2917 προὲάσεις
892 2829 1065 2898 ποιεῖσθαι
1096 2829 1137 2896 δι’
1167 2830 1359 2919 όροπεδίων.

261 2939 465 3026 Ἡμερήσιον
480 2936 515 3002 δὲ
530 2936 597 3002 ἀπὸ
621 2939 679 3018 τῆς
694 2934 813 3018 λίμνης
828 2932 1004 3020 προελθὼν
1023 2932 1099 3000 ὁδὸν
1112 2934 1273 3023 Τιὲέριος,
1290 2934 1359 3002 εἰδε

263 3041 322 3114 τὰς
345 3046 405 3108 τοῦ
415 3041 550 3127 Ἴστρου
573 3039 694 3122 πηηός.
738 3037 999 3124 Προσάπτονται
1022 3037 1059 3103 δὲ
1082 3043 1140 3121 τῆς
1163 3040 1283 3124 λίμνης
1309 3038 1361 3107 ἐπ’

263 3144 378 3229 ὀλίγον
391 3145 452 3228 μὲν
466 3142 499 3209 οἰ
510 3142 644 3217 Ῥαιτοὶ,
659 3140 697 3208 τὸ
721 3140 757 3206 δὲ
772 3139 878 3207 πλέον
891 3138 1103 3222 Ἐλουήττιοι
1120 3142 1177 3209 καί
1192 3143 1363 3211 Οὐῑνδελι·

264 3249 326 3323 κοί,
357 3248 413 3313 καὶ
442 3247 462 3329 ἡ
491 3247 595 3313 Βοίων
623 3245 753 3334 ἐρημία.
806 3244 919 3332 Μέχρι
948 3244 1135 3312 Παννονίων
1159 3247 1292 3324 πάντες,
1323 3248 1361 3316 τό

263 3350 369 3417 πλέον
394 3348 421 3416 δ’
445 3347 655 3431 Ἔλουήττιοι
681 3347 737 3414 καί
766 3346 975 3414 Οόῑνδελικοὶ
1004 3347 1155 3415 οἰκοῦσιν
1189 3349 1360 3438 όροπέδια.

261 3454 385 3520 Ῥαιτοὶ
415 3453 451 3519 δὲ
489 3452 545 3518 καὶ
581 3451 729 3541 Νωρικοὶ
756 3451 859 3540 μέχρι
893 3454 959 3517 τῶν
987 3448 1144 3518 Ἀλπείων
1169 3453 1361 3543 όπερὲολῶν

263 3558 454 3644 ἀνίσχουσι,
478 3555 535 3620 καὶ
559 3555 643 3641 πρὸς
666 3555 726 3635 τὴν
748 3552 897 3620 Ἰταλίαν
918 3554 1155 3640 περινεόουσιν,
1172 3554 1206 3620 οἰ
1226 3555 1287 3638 μὲν
1301 3554 1360 3621 Ἰν-

264 3658 416 3749 σούόροις
446 3659 680 3732 συνάπτοντες,
710 3655 744 3722 οἰ
771 3656 807 3721 δὲ
837 3657 986 3744 Κάρνοις,
1017 3655 1073 3721 καί
1102 3660 1172 3727 τοῖς
1197 3657 1275 3745 περὶ
1301 3657 1361 3740 τὴν

261 3762 431 3844 Ἀκυληίαν
445 3761 592 3851 χωρίοις.
627 3759 728 3826 Ἔστι
742 3759 778 3826 δὲ
794 3757 851 3824 καὶ
865 3758 956 3839 ἄλλη
972 3762 1037 3840 ὕλη
1052 3762 1185 3843 μεηόλη
1199 3759 1359 3846 Γαίρῆτα·

263 3868 379 3933 ἔπειτα
393 3866 429 3932 δὲ
451 3869 493 3931 τὰ
512 3869 578 3931 τῶν
592 3863 744 3944 Σοήίων·
767 3862 920 3929 ἐπέκεινα
943 3861 970 3928 δ’
994 3861 1196 3950 όἙρκόνιος
1218 3863 1359 3953 δρυμός·

262 3970 377 4059 ἔχεται
393 3969 429 4035 δὲ
443 3967 593 4057 κᾴκεῖνος
608 3964 663 4032 ὑπ’
680 3966 796 4032 αὐτῶν.

305 4081 345 4141 ΙΙ.
370 4072 452 4159 Περὶ
473 4071 508 4137 δὲ
533 4068 685 4157 Κίμόρων
708 4067 833 4152 τὰμὲν
856 4068 916 4134 οὐκ
943 4068 978 4135 εὖ
1001 4069 1148 4152 λέγεται,
1164 4070 1207 4135 τὰ
1231 4068 1257 4135 δ’
1285 4070 1358 4160 ἔχει

261 4178 486 4257 πιθανότητας
500 4175 538 4241 οὐ
552 4171 699 4260 μετρίας.
743 4172 829 4238 Οὔτε
843 4170 908 4260 γὰρ
924 4172 984 4253 τὴν
998 4173 1153 4253 τοιαύτην
1173 4173 1285 4240 αἰτίαν
1299 4179 1359 4241 τοῦ

260 4281 434 4361 πλάνητας
448 4277 605 4361 γενέσθαι
631 4274 688 4341 καὶ
711 4274 914 4359 λῃστρικοὺς
929 4274 1121 4359 όποδέξαιτ’
1145 4275 1185 4343 ἄν
1209 4304 1269 4352 τις,
1295 4278 1357 4352 ότι,

261 4383 467 4473 χερῤόνησον
492 4380 668 4453 οἰκοῦντες,
698 4376 831 4461 μεγάλῃ
850 4377 1060 4463 πλημμυρίδι
1084 4380 1296 4462 ἐξελασθεῖεν
1321 4380 1358 4445 ἐκ
