3246 5078
932 138 939 179 l

504 431 634 516 ⁸nonus
660 432 712 489 ou
739 430 900 488 sncrrou
928 431 968 486 11.
1243 412 1289 484 19

219 589 293 661 ἸΙ.
322 589 424 684 Ipsos
451 590 650 663 Germanos
670 592 856 685 indigenas
882 589 1104 671 crediderim,
1122 583 1287 657 minime-

190 730 261 800 que
277 708 426 780 aliarum
451 711 614 803 gentium
641 707 854 779 adventibus
883 716 922 778 et
943 706 1107 799 hospitiis
1129 706 1285 775 mixtos:

189 824 275 916 quia
300 848 367 895 nec
394 824 489 897 terrd
519 826 615 909 olim,
640 826 702 896 sed
726 825 897 896 classibus
927 821 1205 905 advehebantur,
1224 822 1285 914 qui

187 950 329 1013 mutare
362 942 464 1013 sedes
491 942 737 1036 quaerebant3¹
767 953 805 1012 et
829 942 1023 1012 immensus
1047 934 1154 1023 ultrd,
1172 948 1284 1031 utque

187 1058 239 1129 sic
268 1059 431 1142 dixerim,
461 1060 629 1131 adversus
657 1058 823 1130 Oceanus
856 1058 943 1128 raris
973 1057 1020 1128 ab
1051 1057 1137 1127 orbe
1165 1063 1286 1127 nostro

187 1175 338 1247 navibus
368 1177 497 1247 aditur.
552 1177 641 1261 Quis
668 1172 783 1269 porrd,
812 1185 940 1269 praeter
971 1173 1169 1267 periculum
1204 1173 1286 1242 hor-

188 1292 256 1362 ridi
273 1302 311 1364 et
325 1293 439 1387 ignoti
457 1294 573 1377 maris,
592 1292 682 1365 Asia
698 1300 761 1363 aut
779 1289 905 1362 Africa
933 1300 996 1362 aut
1014 1289 1122 1361 ltalia
1148 1288 1283 1371 relicti,

190 1407 421 1481 Germaniam
448 1410 615 1504 peteret?
642 1411 832 1481 informem
860 1409 973 1492 terris,
997 1430 1156 1501 asperam
1183 1406 1284 1489 coelo,

189 1527 329 1597 tristem
347 1526 449 1598 cultu
471 1536 699 1621 aspectuque,
717 1528 784 1599 nisi
801 1527 830 1598 si
847 1526 962 1619 patria
982 1527 1039 1597 sit.
1091 1523 1285 1595 Celebrant

191 1644 405 1715 carminibus
416 1646 428 1682 ²
441 1646 596 1739 antiquis
609 1646 718 1738 (quod
730 1668 840 1716 unum
854 1645 947 1737 apud
961 1643 1041 1714 illos
1051 1643 1232 1713 memoriae
1246 1652 1284 1712 et

191 1759 374 1831 annalium
383 1783 496 1854 genus
509 1760 578 1850 est)
593 1770 613 1801 “
623 1761 844 1832 Tuistonem³
855 1761 961 1832 deum
975 1758 1071 1831 terrd
1083 1759 1231 1842 editum,
1245 1769 1284 1828 et

192 1873 307 1946 fllium
315 1874 517 1960 Mannum,⁴
527 1878 697 1971 originem
703 1879 821 1972 gentis
834 1878 1115 1970 conditoresque.
1147 1874 1285 1946 Manno
1340 1963 1347 1979 Ι

192 2000 267 2062 tres
284 1989 377 2061 filios
391 1991 590 2086 adsignant,
608 2017 629 2064 e
646 2016 797 2087 quorum
809 1994 1013 2064 nominibus
1023 1993 1176 2087 proximi
1194 1989 1287 2061 Oce-

190 2131 260 2179 ano
282 2102 512 2201 Iugaevoncs,⁶
533 2109 641 2180 medii
668 2104 907 2194 Hermiones,6
937 2110 1047 2182 ceteri
1072 2107 1286 2180 Istaevones'

191 2225 395 2296 vocentur.’'
446 2224 602 2310 Quidam
619 2233 738 2297 autem
758 2225 905 2297 licentid
922 2227 1118 2309 vetustatis,
1137 2233 1157 2264 ‘⁴
1169 2224 1289 2318 plures

193 2341 379 2423 deoortos,
392 2341 580 2435 pluresque
591 2342 710 2435 gentis
723 2342 989 2436 appellationes,
1002 2340 1287 2423 Mars0s‚⁸Gam-

193 2458 350 2542 brivios,⁹
368 2457 544 2542 Suevos,¹⁰
560 2458 757 2530 Vandalios
767 2461 789 2497 ¹¹
807 2459 1018 2530 adfirmant:
1046 2465 1065 2495 ‘⁴
1078 2481 1190 2550 eaque
1206 2480 1289 2527 vera

195 2584 234 2646 et
264 2575 413 2668 antiqua
441 2577 596 2647 nomina.
652 2575 825 2647 Ceterum
855 2575 1056 2647 Germaniae
1076 2574 1287 2645 vocabulum

195 2716 319 2765 recens
331 2696 356 2733 ¹⁹
368 2702 407 2765 et
417 2716 531 2787 nuper
541 2694 703 2764 additum
720 2718 728 2765 :
745 2696 912 2786 quoniam
926 2693 986 2785 qui
1004 2692 1108 2785 primi
1120 2691 1288 2762 Rhenum

196 2812 404 2904 transgressi
432 2809 556 2881 Gallos
584 2810 799 2904 expulerint,
824 2834 866 2881 ac
899 2832 994 2880 nunc
1025 2807 1171 2902 Tungri,
1200 2816 1288 2877 tuuc

196 2924 368 2997 Germani
386 2928 503 2998 vocati
530 2928 624 2998 siut:
648 2929 700 2999 ita
728 2929 883 2998 nationis
905 2948 1048 3007 nomen,
1072 2948 1144 2994 non
1169 2924 1288 3016 gentis

196 3042 370 3115 evaluisse
386 3044 584 3137 paullatim,
602 3053 644 3115 ut
660 3066 783 3115 omnes
797 3043 952 3136 primam
969 3067 991 3113 a
1005 3043 1139 3112 victore
1154 3041 1200 3111 ob
1215 3063 1288 3111 me

196 3169 287 3243 tum,
315 3183 401 3231 mox
434 3185 456 3232 a
482 3162 605 3254 seipsis
635 3163 782 3231 invento
816 3161 972 3243 nomine,
998 3158 1168 3229 Germani
1187 3182 1290 3229 voca·

195 3276 350 3347 re'ntur.”
393 3284 413 3314 “
426 3276 549 3348 Fuisse
566 3278 660 3371 apud
676 3300 737 3349 eos
752 3287 789 3348 ct
807 3275 1060 3348 Herculem’'¹³
1079 3284 1290 3358 memorant,

195 3393 421 3486 primumque
447 3395 606 3466 omnium
633 3395 788 3465 virorum
814 3395 961 3465 fortium
989 3393 1073 3465 ituri
1101 3393 1139 3462 in
1167 3391 1292 3486 proelia

197 3518 344 3581 canunt.

578 3674 666 3716 ΝΟΜ
687 3675 724 3715 ΟΝ
744 3674 863 3716 ΒΕΟΤΙΟΝ
882 3675 915 3715 11.

237 3807 248 3844 ¹
262 3804 324 3863 Nec
332 3805 411 3863 terrd
420 3805 493 3876 clim,
504 3805 552 3863 aad
561 3805 914 3877 absumorassumor,
925 3808 1095 3880 quimutcrc
1107 3806 1293 3877 sedccqaoere-

196 3897 400 3981 baat.]-This
413 3921 532 3981 appears
545 3909 576 3961 at
589 3901 651 3960 first
664 3909 695 3961 to
709 3903 744 3961 bc
752 3902 803 3961 the
813 3902 929 3962 remark
943 3901 976 3961 of
985 3922 1003 3961 a
1013 3901 1107 3961 Greek
1116 3900 1213 3959 rather
1222 3900 1293 3959 than

194 3997 229 4056 of
247 4017 265 4056 a
289 3998 400 4058 Roman
414 4001 533 4074 writcr;
556 3999 605 4058 the
625 3999 777 4059 induction
791 4020 869 4078 upon
888 3999 984 4059 which
998 4000 1023 4057 it
1038 4005 1108 4058 rests
1126 3999 1213 4075 being
1225 4018 1295 4076 sup·

192 4095 273 4173 plicd
286 4096 359 4155 t'rom
373 4096 423 4156 the
436 4098 579 4156 maritime
589 4097 757 4176 enterprises
770 4097 803 4156 of
812 4097 862 4157 the
876 4097 982 4157 Greeks
995 4097 1053 4157 and
1067 4094 1293 4173 Carthaginiaua

194 4191 263 4267 But,
277 4194 308 4253 in
322 4193 414 4267 truth,
427 4194 452 4254 it
470 4195 495 4254 is
515 4215 533 4254 a
553 4202 706 4255 statement
718 4194 752 4254 of
767 4201 847 4273 great
868 4195 974 4273 import
995 4193 1054 4253 and
1066 4193 1247 4271 generffity3
1267 4192 1300 4251 ol

195 4309 233 4349 an
254 4291 361 4371 impert
385 4293 442 4352 and
466 4293 624 4371 generality
645 4293 785 4372 probably
805 4293 928 4370 scarcely
948 4290 1132 4370 appreciated
1156 4290 1195 4368 by
1213 4289 1296 4349 Taci-

195 4394 244 4448 tus
267 4388 390 4463 himself,
415 4390 472 4450 aud
497 4390 636 4467 certainly
659 4390 882 4469 unappreciated
910 4390 948 4467 by
971 4388 1021 4448 the
1043 4388 1179 4464 majority
1196 4387 1229 4446 ol
1248 4386 1293 4445 his

1125 4501 1140 4542 o
1154 4485 1172 4541 2
