3232 5100
316 422 391 492 xxii
591 434 668 490 nna
690 432 872 489 oannnuv
898 432 946 489 ov
971 433 1137 489 vicinae.

315 600 375 663 hoc
397 596 620 662 ferocissimum
642 594 786 669 edidere;
819 594 903 679 quod
930 595 990 661 fuit
1012 597 1147 681 primum
1172 594 1255 660 inter
1280 581 1414 681 pelides

319 698 487 763 Maeotidas
516 696 682 772 minutum,
706 702 834 772 tetrum,
857 702 951 780 atque
981 697 1072 781 exile,
1095 695 1182 780 quasi
1204 696 1413 761 inhumanum

315 820 423 883 genus,
439 820 495 862 uec
510 796 572 862 alia
585 818 661 860 voce
675 802 795 874 uotum,
814 796 872 860 nisi
898 795 981 880 quod
1006 796 1135 861 humani
1157 796 1306 862 sermonis
1331 796 1412 860 ima·

316 898 421 984 ginem
438 896 626 982 assignabat.
678 894 747 960 Tali
763 919 836 981 ergo
854 895 965 960 Hunni
979 897 1075 983 stirpe
1101 896 1207 973 creati,
1232 896 1411 961 Gothorum

317 996 430 1065 finibus
451 998 615 1062 advenere.
660 997 799 1078 Quorum
821 996 908 1061 natio
932 1018 1026 1072 aava,
1052 1004 1089 1061 ut
1111 995 1413 1082 priscnshistoricus

316 1098 422 1174 refert,
437 1098 470 1164 iu
486 1096 637 1162 Meotide
652 1096 765 1182 palude
780 1096 956 1162 ulteriorem
973 1096 1072 1183 ripam
1087 1096 1219 1162 insedit:
1244 1096 1412 1162 venatione

317 1207 452 1275 tantum,
467 1221 524 1264 uec
537 1198 598 1262 alio
615 1197 720 1262 labore
737 1205 878 1282 experta,
894 1196 954 1262 nisi
971 1197 1054 1281 quod
1075 1206 1239 1283 postquam
1261 1198 1413 1262 crevisset

316 1299 348 1363 iu
367 1299 504 1384 populos,
530 1297 691 1363 fraudibus
714 1305 747 1361 et
770 1297 887 1382 rapinis
901 1297 1034 1361 vicinam
1058 1306 1184 1383 gentem
1199 1296 1411 1362 conturbavit.

317 1398 423 1487 Hujus
436 1422 509 1485 ergo
527 1399 577 1481 (ut
591 1397 740 1480 assolent)
757 1406 928 1475 venatores,
945 1397 1021 1461 dum
1037 1397 1070 1461 iu
1086 1397 1224 1462 ulteriori
1248 1396 1413 1463 Maeotidis

314 1500 383 1585 ripa
397 1501 578 1565 venationes
603 1498 772 1581 inquirunt,
799 1497 1053 1562 animadvertunt
1069 1497 1224 1581 quomodo
1236 1520 1277 1562 ex
1290 1498 1412 1582 impro-

315 1600 381 1665 viso
405 1621 497 1664 cerva
522 1620 555 1663 so
579 1597 640 1662 illis
664 1596 788 1673 obtulit,
811 1597 1008 1682 ingressaque
1030 1597 1143 1682 palude
1170 1619 1251 1662 nunc
1282 1620 1410 1683 progre-

315 1699 412 1774 diens,
435 1720 517 1764 nnuc
542 1697 722 1771 subsistens,
745 1695 879 1761 iudicem
901 1720 933 1763 se
951 1697 1009 1762 viae
1024 1697 1145 1763 tribuit.
1191 1698 1292 1779 Quam
1307 1698 1409 1762 secuti

314 1807 488 1872 venatores,
515 1796 660 1882 paludem
687 1796 881 1873 Maeotidem,
897 1820 989 1881 qnam
1013 1798 1197 1883 imperviam
1219 1806 1256 1863 ut
1278 1798 1409 1883 pelagas

313 1898 545 1971 existimabant,
573 1895 703 1983 pedibus
727 1898 886 1962 transiere.
939 1898 1019 1962 Mox
1045 1921 1167 1983 qnoque
1194 1905 1231 1962 ut
1257 1896 1410 1984 Scythica
1478 1922 1485 1933 ·

314 2009 398 2064 terra
421 1998 535 2083 ignotis
558 1996 713 2082 apparuit,
731 2020 823 2062 cerva
846 1997 1010 2084 disparuit.
1056 1999 1149 2081 Quod
1170 1997 1263 2063 credo
1280 1997 1408 2083 spiritns

313 2099 370 2176 illi,
385 2098 468 2163 uude
491 2098 670 2184 progeniem
696 2098 835 2175 trahunt,
859 2098 901 2162 ad
927 2096 1115 2183 Scytharum
1140 2098 1290 2163 iuvidiam
1305 2120 1407 2184 egere.

315 2199 367 2264 Illi
382 2222 464 2275 vero,
481 2197 533 2282 qni
548 2206 661 2284 preater
677 2197 859 2262 Maeotidem
882 2198 1027 2284 paludem
1048 2199 1144 2264 alium
1166 2198 1316 2263 mundum
1340 2221 1408 2264 esse

312 2300 437 2386 penitus
458 2299 653 2384 ignorabant,
677 2297 883 2362 admiratione
908 2297 1028 2364 inducti
1048 2306 1138 2363 terrae
1155 2298 1304 2385 Scythica,
1323 2306 1356 2364 et
1369 2307 1408 2363 nt

312 2408 385 2466 sunt
407 2399 544 2476 solertes,
561 2398 622 2463 iter
642 2398 719 2463 illud
744 2397 820 2462 nulli
841 2406 915 2462 ante
939 2398 1020 2464 hanc
1048 2407 1174 2464 ertatem
1198 2398 1406 2477 notissimum,

311 2501 461 2566 divinitus
498 2499 557 2564 sibi
592 2507 750 2564 ostensum
774 2498 848 2572 rati,
875 2498 917 2562 ad
940 2521 1011 2564 suos
1038 2499 1179 2576 redeunt,
1209 2498 1254 2564 rei
1281 2507 1405 2585 gestum

311 2601 448 2677 edicunt,
472 2599 637 2686 Scythiam
660 2597 800 2676 laudaut,
817 2620 1023 2684 persuasaque
1041 2607 1135 2685 geute
1157 2621 1223 2676 sua,
1239 2598 1291 2664 via
1310 2621 1405 2684 qaam

310 2723 403 2767 cerva
427 2700 529 2765 indiae
555 2698 701 2777 didicere,
729 2698 771 2762 ad
798 2697 963 2784 Scythiam
992 2708 1169 2785 properant,
1196 2707 1229 2765 et
1256 2708 1405 2784 quantos-

311 2824 431 2887 cunque
445 2801 530 2887 prius
544 2798 576 2864 iu
590 2800 730 2883 ingressu
748 2796 937 2883 Scytharum
953 2799 1097 2877 habuere,
1113 2800 1241 2865 litavere
1255 2799 1404 2878 victoria,

310 2902 444 2986 reliquos
479 2899 670 2985 perdomitos
699 2898 857 2983 subegere.
916 2896 999 2963 Nam
1028 2922 1103 2964 mox
1132 2901 1290 2986 ingentem
1319 2900 1405 2965 illam

310 3001 456 3087 paludem
472 2999 632 3076 transiere,
646 2998 718 3064 ilico
733 2998 909 3083 Alipznros,
926 2999 1120 3077 Alcidauros,
1139 3000 1302 3079 Itamaros,
1318 2998 1405 3065 Tini-

311 3123 425 3176 caseos,
441 3108 473 3164 et
497 3100 635 3176 Boiscos,
651 3099 704 3184 qui
728 3099 804 3184 ripae
828 3099 919 3164 istius
944 3098 1082 3185 Scythiae
1107 3099 1294 3178 insidebant,
1316 3101 1405 3184 qnasi

311 3201 437 3285 quidam
461 3199 554 3265 turbo
575 3200 716 3286 gentium
740 3221 879 3284 rapuere.
925 3199 1045 3265 Alanos
1069 3222 1190 3284 quoque
1215 3222 1321 3285 pugna
1343 3199 1403 3265 eibi

311 3322 411 3386 pares,
434 3299 490 3365 sed
513 3299 710 3365 immanitate
737 3298 848 3375 victus,
872 3298 1031 3384 formaque
1058 3299 1231 3370 dissimiles,
1251 3299 1406 3385 frequenti

311 3400 480 3466 certamine
497 3398 666 3485 fatigantes
678 3396 893 3485 subjugavere.
944 3396 1027 3463 Nam
1041 3408 1074 3465 et
1089 3423 1165 3484 quos
1179 3400 1260 3466 ballo
1274 3399 1405 3465 forsitan

311 3500 438 3565 minime
461 3499 659 3585 superabant,
674 3500 780 3565 vultus
802 3500 850 3565 sni
872 3507 988 3564 terrore
1009 3499 1139 3566 nimium
1156 3523 1303 3586 pavorem
1318 3500 1404 3586 inge-

311 3608 415 3667 rentes
429 3600 600 3685 fugabaut:
624 3621 661 3664 eo
676 3598 841 3684 quoderat
856 3599 900 3665 eis
913 3599 1030 3685 species
1052 3600 1201 3686 pavendae
1222 3599 1402 3687 nigredinis,

311 3709 344 3766 et
369 3699 454 3766 velut
481 3698 625 3784 quadam
652 3699 693 3781 (si
721 3699 783 3763 dici
807 3699 855 3765 fas
880 3700 943 3781 est)
963 3699 1109 3767 deformis
1130 3700 1202 3780 offa,
1219 3724 1281 3766 uon
1295 3700 1402 3775 facies,

311 3800 488 3884 habensque
502 3799 602 3885 magis
615 3807 741 3886 puncta,
756 3822 851 3884 qnam
871 3800 998 3865 lumina.
1045 3800 1183 3881 Quorum
1206 3800 1302 3866 animi
1325 3798 1403 3865 fidu·

311 3901 392 3965 ciam
409 3908 516 3965 torvus
531 3900 635 3985 prodit
651 3906 817 3985 aspectus:
841 3899 893 3984 qni
909 3900 1005 3966 etiam
1019 3900 1052 3965 iu
1072 3901 1202 3988 pignora
1222 3924 1280 3967 sua
1302 3901 1402 3987 primo

275 3984 284 4001 ⁸
310 4001 459 4065 dienato
485 3999 666 4065 desaeviunt.
722 3997 809 4064 Nam
832 4000 971 4067 maribus
996 4000 1078 4066 ferro
1103 4024 1200 4087 genas
1224 4008 1341 4079 secant,
1366 4009 1403 4066 nt

308 4110 476 4184 autequam
491 4100 580 4166 lactis
592 4099 784 4165 nutrimenta
795 4101 977 4186 percipiant,
990 4101 1125 4166 vulneris
1136 4109 1289 4188 cogantur
1301 4101 1403 4167 subire

309 4199 517 4267 tolerantiam.
579 4200 664 4265 Hinc
692 4199 846 4266 imberbes
876 4207 1048 4279 senescunt,
1081 4209 1113 4267 et
1142 4200 1208 4268 siue
1239 4209 1403 4268 venustate

309 4300 419 4388 ephebi
446 4306 538 4374 suut;
563 4299 635 4383 quia
657 4300 752 4365 facies
775 4303 856 4365 ferro
885 4302 1015 4382 sulcata,
1035 4302 1253 4387 tempestivam
1270 4303 1402 4388 pilorum

306 4402 440 4488 gratiam
468 4423 523 4487 per
548 4399 706 4466 cicatrices
729 4400 874 4466 absumit.
921 4401 1038 4486 Exigui
1066 4402 1190 4488 quidem
1215 4403 1325 4481 forma,
1347 4400 1403 4469 aad
