3246 5078
293 429 364 499 oxii
564 443 641 498 run
665 441 849 499 ocantur
873 441 922 497 or
946 441 1114 498 recrees.

290 612 378 681 tate;
405 613 437 670 et
461 613 581 682 contra,
598 602 749 690 angendae
772 602 977 668 dominationi
994 611 1177 669 certaretur.
1223 605 1294 671 Non
1310 607 1389 675 alias

289 702 406 791 majore
429 704 512 770 mole
535 726 729 782 concursum,
751 725 850 787 neque
867 702 1014 789 ambiguo
1040 705 1141 791 magis
1165 708 1387 799 eventn,'fusis

288 807 445 890 utrimque
474 805 595 871 dextris
627 803 781 869 cornibus.
834 802 1088 889 sperabaturque
1119 828 1242 872 rursum
1271 830 1387 894 pugna,

288 906 321 970 ni
353 904 569 971 Maroboduus
598 911 702 970 castra
734 903 767 968 in
797 903 891 968 colles
920 903 1130 970 subduxisset.
1194 906 1234 971 Id
1264 907 1387 993 signum

287 1005 420 1090 perculsi
445 1005 524 1071 snit:
551 1012 583 1070 et
599 1003 770 1090 transfugis
783 1002 947 1089 paullatim
968 1004 1114 1084 nudatus,
1131 1005 1163 1069 in
1184 1007 1385 1073 Marcoman-

287 1127 344 1170 nos
363 1106 526 1183 concessit,
542 1104 688 1189 misitque
712 1105 832 1190 legatos
845 1102 887 1168 ad
909 1103 1069 1169 Tiberium
1092 1114 1235 1172 oraturos
1255 1109 1382 1174 auxilia.

288 1204 488 1292 Responsum
510 1213 568 1285 est,
593 1212 614 1242 ‘⁶
628 1227 691 1270 non
715 1201 788 1290 jure
817 1226 889 1268 eum
919 1202 1069 1270 adversus
1098 1204 1270 1272 Cheruscos
1298 1231 1386 1273 arma

286 1304 431 1371 Romana
454 1306 606 1383 invocare,
636 1305 689 1389 qui
722 1313 899 1391 pugnantes
929 1304 962 1370 in
989 1303 1134 1371 eumdem
1164 1307 1287 1372 hostem
1318 1308 1383 1375 Ro·

285 1427 395 1471 manos
416 1407 503 1472 nulla
525 1429 583 1492 opo
602 1404 770 1491 juvisset.”
817 1405 935 1471 Missus
959 1412 1066 1470 tammr
1082 1405 1213 1484 Drusus,
1240 1415 1276 1473 ut
1298 1414 1382 1474 retu·

286 1505 387 1585 limus,
405 1507 489 1592 pacis
504 1505 654 1572 firmator.

701 1710 800 1751 namn.
823 1710 900 1750 ΔΝΝ.
925 1710 960 1753 ΙΙ.

336 1802 581 1869 LXXXVIII.
604 1803 738 1889 Reperio
765 1803 850 1889 apud
876 1803 1042 1890 scriptores
1073 1816 1293 1895 senatoresque
1328 1831 1379 1874 eo·

284 1905 426 1971 rumdam
451 1912 638 1988 temporum,
656 1903 890 1989 Adgandestrii,
914 1905 1060 1990 principis
1082 1906 1258 1984 Oattorum,
1283 1909 1379 1975 lectas

283 2007 316 2073 in
332 2013 443 2073 senatu
459 2004 575 2083 literas,
593 2003 705 2087 quibus
722 2010 743 2043 “
755 2012 890 2069 mortem
902 2005 1038 2070 Arminii
1049 2005 1070 2034 ''
1084 2008 1299 2093 promittebat,
1317 2010 1378 2076 “si

283 2105 446 2193 patranda
482 2102 551 2168 neci
587 2121 741 2169 venenum
776 2104 956 2171 mitteretur
967 2106 998 2171 :³⁹
1034 2130 1276 2194 responsumque
1298 2133 1376 2186 esse,

284 2215 304 2244 “
319 2230 381 2272 non
398 2203 519 2280 frande,
535 2226 635 2289 nequo
659 2204 798 2283 occultis,
815 2204 871 2270 sed
889 2205 992 2291 polam
1007 2214 1040 2271 et
1054 2216 1209 2273 armatum
1227 2211 1375 2295 populum

282 2307 460 2372 Romanum
486 2303 592 2370 hostes
619 2327 691 2370 suos
718 2304 825 2370 ulcisci
838 2305 868 2368 :''
893 2329 955 2390 qua
978 2306 1079 2392 gloria
1103 2309 1248 2392 aequabat
1272 2332 1305 2375 se
1324 2311 1377 2375 Ti·

281 2409 386 2475 berius
402 2404 510 2493 priscis
529 2404 777 2490 imperatoribus,
794 2406 847 2490 qui
870 2428 1022 2472 venenum
1037 2407 1069 2472 in
1088 2408 1246 2495 Pyrrhum
1269 2433 1374 2495 regern

282 2515 455 2585 vetuerant,
485 2505 757 2591 prodiderantque.
809 2506 956 2573 Ceterum
982 2506 1156 2587 Arminius,
1181 2509 1375 2576 abscedenti-

280 2611 340 2677 bus
362 2607 522 2685 Romanis,
540 2614 573 2671 et
597 2606 686 2692 pulso
711 2605 917 2685 Maroboduo,
935 2630 1066 2693 regnum
1086 2609 1257 2682 adfectans,
1282 2610 1375 2676 liber·

280 2718 380 2777 tatem
402 2706 598 2795 popularium
618 2706 783 2772 adversam
806 2706 936 2773 habuit:
967 2707 1144 2794 petitusque
1168 2712 1274 2785 armis,
1303 2734 1374 2777 cum

281 2812 368 2877 varia
390 2810 516 2874 fortuna
540 2815 684 2884 certaret,
712 2806 783 2871 dolo
805 2807 1047 2893 propinquorum
1068 2809 1198 2876 cecidit:
1225 2810 1375 2877 liberator

280 2909 477 2976 hauddubie
498 2905 735 2982 Germanicam
754 2906 887 2991 quinon
912 2908 1082 2993 primordia
1102 2910 1207 2995 populi
1229 2910 1373 2990 Romani,

280 3011 361 3076 sicut
384 3009 437 3073 alii
463 3029 551 3093 reges
571 3006 736 3091 ducesque,
753 3006 808 3072 sed
823 3004 1075 3075 florentissimum
1097 3009 1259 3096 imperium
1278 3011 1374 3079 laces·

279 3111 385 3175 sicrit:
408 3106 522 3195 proeliis
541 3106 718 3193 ambiguus,
733 3107 814 3172 bello
831 3130 892 3173 non
909 3109 1029 3174 victus:
1054 3118 1174 3194 septem
1190 3119 1222 3175 et
1244 3112 1374 3198 triginta

278 3232 377 3276 annos
399 3209 483 3285 vitre,
510 3205 674 3272 duodecim
701 3208 848 3293 potentia
872 3208 1029 3294 explevit:
1061 3210 1243 3295 caniturque
1271 3213 1374 3278 adhuc

278 3310 428 3376 barbaras
449 3306 533 3392 apud
555 3316 687 3392 gentes3
717 3306 897 3373 Graecorum
912 3309 1076 3374 annalibus
1098 3310 1232 3396 ignotus,
1249 3314 1299 3395 qui
1318 3336 1375 3379 sua

279 3419 404 3477 tantum
427 3408 601 3473 mirantur:
630 3407 780 3472 Romanis
798 3407 883 3472 haud
905 3409 1035 3494 perinde
1058 3410 1196 3489 celebris,
1220 3411 1294 3477 dum
1322 3437 1374 3479 ve-

278 3521 347 3577 tera
361 3508 550 3583 extollimus,
565 3507 735 3571 recentium
751 3507 906 3573 incuriosi.

340 3607 527 3676 Additional
564 3606 640 3672 data
680 3630 754 3694 may
782 3607 820 3672 be
858 3608 1009 3674 collected
1048 3609 1126 3675 from
1155 3611 1217 3676 llio
1246 3613 1373 3680 Cassius

281 3717 359 3795 (rvr.
377 3711 543 3792 18-24);
567 3707 625 3772 but
640 3707 694 3772 the
710 3715 851 3774 extracta
865 3708 945 3773 have
960 3710 1089 3797 already
1101 3712 1178 3776 been
1194 3735 1228 3778 so
1239 3713 1372 3800 lengthy

277 3837 313 3881 as
329 3823 364 3879 to
385 3813 473 3876 leave
487 3830 576 3874 room
590 3809 666 3895 only
679 3808 729 3873 t'or
745 3810 800 3874 the
814 3808 956 3875 remarks
970 3811 1007 3875 of
1019 3810 1169 3877 Niebuhr.

669 4014 818 4057 moronus
839 4015 901 4056 011.
926 4015 975 4057 CX·

320 4112 392 4177 The
418 4108 556 4173 German
582 4129 672 4185 wars,
695 4107 799 4172 which
820 4108 1019 4173 commenced
1043 4108 1076 4175 in
1109 4108 1181 4189 740,
1208 4133 1290 4177 were
1315 4112 1371 4177 the

276 4231 486 4296 consequence
507 4207 544 4272 of
567 4207 621 4272 the
647 4215 813 4290 conquesta
839 4209 872 4272 in
900 4210 954 4274 the
970 4209 1061 4295 Alps.
1119 4209 1187 4286 'Ihe
1214 4211 1371 4297 Sigambri

275 4337 359 4385 seem
374 4312 480 4377 before
496 4307 560 4374 this
585 4307 661 4372 time
677 4316 711 4372 to
728 4307 808 4373 have
825 4308 961 4374 invaded
987 4309 1042 4374 the
1068 4308 1125 4374 left
1152 4311 1237 4376 bank
1262 4312 1300 4377 of
1317 4314 1371 4378 the

275 4415 378 4481 Rhine
400 4413 431 4478 in
449 4433 506 4475 our
523 4407 779 4494 neighbourhood
793 4434 803 4484 ;
826 4409 885 4474 but
900 4410 977 4497 they
993 4409 1055 4475 had
1079 4409 1157 4475 been
1173 4412 1311 4498 repelled
1326 4412 1370 4501 by
