3232 5100
303 396 388 464 xxiv
581 406 658 460 nnn
682 406 863 495 sanusne
889 407 937 464 or
961 408 1127 464 sumnus.

335 722 353 806 §
385 743 426 785 vi.
462 742 599 784 mensor
633 743 714 784 rnou
749 743 866 785 sununs
898 742 1047 786 orscouns
1079 740 1121 781 nn
1144 738 1258 780 oneris
1279 737 1401 780 uouuo·

759 831 947 874 nsuuonuu.

353 975 444 1053 Paul,
461 977 585 1040 theson
603 974 640 1039 of
663 974 845 1039 Wamefrid
873 974 1013 1057 (Paulus
1033 975 1232 1061 Wumesn'dr'
1247 977 1350 1062 filine,
1366 1000 1404 1043 ns

308 1077 349 1139 he
361 1076 388 1140 is
403 1076 488 1141 osten
504 1075 715 1161 designated),
732 1097 797 1139 was
812 1075 928 1140 deacon
943 1075 980 1139 of
996 1075 1024 1139 F
1027 1075 1105 1148 riuli,
1120 1076 1184 1141 and
1195 1085 1354 1163 secretary
1366 1090 1402 1142 to

310 1176 499 1253 Desiderius‚
514 1177 569 1241 the
586 1176 647 1240 last
662 1175 740 1262 king
754 1175 790 1239 of
803 1176 856 1240 the
873 1176 1057 1241 Lombards.
1102 1175 1148 1242 Το
1166 1178 1220 1242 the
1233 1177 1402 1243 traditione

310 1277 373 1340 aud
388 1277 509 1363 history
523 1277 560 1341 of
574 1278 663 1341 those
677 1299 872 1360 conquerors,
886 1276 935 1341 his
949 1277 1038 1340 work
1048 1276 1139 1341 bears
1153 1278 1208 1341 the
1222 1300 1307 1342 same
1321 1278 1401 1343 reln-

310 1377 388 1452 tion,
402 1379 503 1442 which
515 1377 586 1442 that
601 1378 638 1441 of
647 1375 670 1440 J
673 1376 827 1441 ornandos
838 1375 912 1440 does
922 1385 956 1442 to
966 1378 1056 1442 those
1066 1378 1102 1440 of
1113 1378 1167 1441 the
1178 1376 1404 1443 ostro-Goths.

808 1567 867 1607 Lm.
888 1568 907 1607 1.

357 1679 384 1742 l.
407 1677 666 1763 septentrionalis
680 1677 783 1762 plaga,
799 1685 916 1762 quanto
931 1678 1031 1763 magis
1045 1677 1086 1741 ab
1100 1684 1178 1742 aestu
1195 1678 1268 1743 solis
1283 1685 1407 1744 remota

311 1788 371 1853 est,
387 1786 419 1843 et
433 1778 529 1842 nivali
542 1777 656 1862 frigore
678 1777 791 1862 gelida,
814 1786 904 1842 tanto
930 1776 1082 1843 salubrior
1104 1773 1283 1863 corporibus
1306 1779 1408 1843 homi-

312 1901 396 1955 num,
424 1887 456 1942 et
483 1864 691 1963 propagandis
722 1885 769 1941 est
804 1879 950 1964 gentibus
985 1878 1085 1964 magis
1122 1886 1288 1964 coaptate:
1324 1872 1408 1945 sicul

312 1989 451 2041 econtra
465 1977 565 2042 omnis
579 1977 750 2042 meridiana
762 1979 855 2064 regio,
869 2001 929 2063 quo
942 1978 1015 2043 solis
1028 1986 1075 2043 est
1087 1977 1200 2043 fervori
1212 1978 1353 2057 vicinior,
1367 2002 1406 2044 so

312 2100 433 2164 semper
458 2078 573 2142 morbis
598 2077 748 2154 abundat,
772 2089 804 2144 et
827 2078 996 2143 educandis
1016 2079 1119 2143 minus
1133 2085 1181 2143 est
1197 2088 1272 2165 apta
1287 2088 1407 2146 morta·

314 2178 404 2244 libus.
451 2177 546 2242 Unde
563 2179 600 2242 fit
614 2186 651 2243 ut
668 2186 766 2243 tantae
781 2179 964 2265 populorum
979 2177 1197 2243 multitudines
1218 2189 1326 2245 arctoo
1347 2181 1407 2245 sub
1511 2254 1517 2265 .

313 2301 374 2344 axe
403 2278 562 2343 edantur:
595 2287 632 2343 ut
661 2301 722 2342 non
754 2279 910 2344 immerito
938 2278 1082 2344 universa
1109 2278 1163 2343 illa
1191 2280 1276 2365 regio
1306 2281 1408 2345 Tanai

313 2389 415 2455 tenus,
433 2401 530 2463 usque
546 2379 587 2442 ad
601 2378 775 2456 occiduum,
791 2380 864 2444 licet
881 2388 913 2444 et
936 2379 1068 2465 propriis
1084 2379 1152 2443 loce
1174 2379 1206 2444 in
1227 2403 1265 2445 ea
1286 2381 1410 2467 singula

313 2487 532 2565 nuncupentur
556 2478 742 2555 nominibus,
767 2480 903 2566 generali
927 2487 1033 2544 tamen
1061 2479 1211 2544 vocabulo
1239 2480 1409 2547 Germania

313 2580 490 2653 vocitetur;
515 2580 655 2663 quamvis
672 2588 704 2643 et
721 2580 799 2645 duas
816 2580 900 2644 ultra
914 2580 1060 2645 Rhenum
1073 2578 1247 2665 provincias
1262 2581 1408 2661 Romani,

313 2703 385 2745 cum
400 2703 438 2745 ea
452 2679 521 2744 loca
535 2687 745 2765 occupassent,
759 2678 947 2766 superiorem
962 2679 1197 2765 inferioremque
1209 2679 1411 2747 Germaniam

315 2781 461 2846 dixerint.
507 2780 561 2844 Ab
578 2781 638 2844 hac
660 2802 733 2864 ergo
756 2780 905 2865 populosa
927 2779 1105 2858 Genuania,
1127 2803 1212 2867 soepe
1233 2780 1409 2847 innumere·

313 2882 391 2946 biles
416 2880 611 2966 captivorum
637 2888 750 2944 turmae
778 2879 932 2959 abductae,
958 2880 1137 2946 meridianis
1162 2882 1284 2968 populis
1307 2882 1408 2969 pretio

315 2980 541 3046 distrahuntur.
587 2979 700 3044 Multae
715 3003 836 3065 quoque
853 3004 893 3045 ex
907 3004 955 3057 ea,
972 3003 1028 3065 pro
1045 2980 1180 3066 eoquod
1201 2990 1306 3048 tantos
1327 3004 1410 3047 mor·

314 3080 426 3146 talium
439 3080 603 3165 germinat,
618 3087 750 3166 quantos
764 3081 846 3146 alere
859 3081 914 3146 vix
928 3079 1052 3157 sufficit,
1065 3103 1147 3168 saepe
1159 3089 1268 3168 gentes
1280 3104 1410 3169 egressa

316 3188 482 3263 suntque
499 3179 698 3246 nihilominus
713 3192 745 3246 et
762 3189 867 3267 partes
882 3181 977 3260 Asiae,
995 3180 1050 3245 sed
1071 3181 1208 3248 maxime
1230 3182 1288 3249 sibi
1310 3182 1410 3248 conti·

316 3302 412 3365 guam
441 3277 611 3365 Europam,
640 3279 828 3346 afflixerunt.
893 3281 1063 3347 Testantur
1087 3281 1147 3346 hoc
1173 3282 1288 3369 ubique
1316 3283 1410 3350 urbes

316 3389 423 3456 emtoe,
439 3401 494 3465 per
507 3388 608 3444 totam
626 3380 788 3468 Illyricum
811 3380 1024 3467 Galliamque:
1052 3380 1108 3446 sed
1130 3383 1267 3449 maxime
1288 3384 1410 3449 miserm

317 3479 430 3559 Italiae,
446 3502 513 3564 quaa
536 3502 614 3565 pene
635 3481 774 3546 omnium
797 3481 918 3546 illamm
940 3488 988 3548 est
1008 3481 1148 3567 gentium
1173 3490 1304 3569 experta
1324 3483 1412 3549 sevi·

318 3580 407 3645 tiam.
461 3578 558 3644 Gothi
593 3580 754 3665 siquidem,
785 3580 1006 3667 Wandalique,
1042 3581 1136 3668 lengi,
1166 3581 1290 3660 Heruli,
1316 3591 1412 3669 atque

318 3679 498 3766 Turcilingi,
515 3702 573 3744 nee
595 3703 656 3746 non
678 3659 775 3747 etiard
796 3682 865 3747 aliae
886 3682 1003 3748 feroces
1019 3690 1051 3747 et
1066 3682 1206 3749 barbare
1222 3685 1376 3761 nationes,
1392 3707 1411 3750 e

318 3780 487 3845 Germania
500 3780 691 3867 prodiemnt.

364 3881 412 3946 ΙΙ.
434 3880 509 3946 Pari
541 3880 637 3945 etiam
666 3882 759 3948 modo
784 3890 816 3948 et
840 3880 1041 3959 winilorum,
1064 3882 1124 3946 hoc
1145 3890 1203 3960 est,
1231 3883 1411 3970 Langobar·

320 3982 430 4046 dorum
444 4003 532 4068 gens,
549 4004 617 4066 quoe
632 3990 741 4067 postea
755 3982 787 4046 in
803 3982 898 4048 Italia
912 3982 1043 4048 feliciter
1063 3983 1216 4070 regnavit,
1240 4007 1260 4049 a
1282 3984 1412 4050 Germa·

319 4104 431 4146 norum
446 4080 567 4167 populis
581 4082 731 4168 originem
746 4081 870 4160 ducens,
886 4082 960 4148 licet
977 4091 1009 4148 et
1024 4083 1093 4148 alia
1110 4106 1211 4150 causeo
1228 4084 1412 4170 egressionis

318 4205 425 4247 eorum
443 4189 665 4260 asseverentur,
683 4181 723 4246 ab
737 4182 837 4248 insula
851 4206 919 4268 quaa
935 4182 1144 4249 Scandinavia
1164 4184 1278 4250 dicitur
1297 4184 1413 4250 adren-

319 4282 418 4348 tavit:
447 4279 535 4368 cujus
553 4281 647 4346 etiam
663 4281 781 4361 insulae,
796 4282 917 4348 Plinius
932 4282 1095 4349 Secundus
1108 4285 1140 4349 in
1154 4284 1251 4363 libris,
1270 4307 1347 4370 quos
1362 4285 1411 4350 De

321 4384 442 4449 Natura
453 4382 570 4448 Rerum
586 4384 768 4468 composuit,
780 4384 969 4450 mentionem
986 4383 1071 4449 fucit.
1118 4383 1198 4451 Hrcc
1214 4408 1287 4471 ergo
1299 4385 1409 4463 insula
