3246 5078
673 438 966 495 uaonnaonuua.
1296 421 1364 492 cvii

269 604 408 670 bostium
421 600 548 687 agmina
561 599 684 665 diversa
698 598 783 685 fuga,
799 599 853 683 qui
868 599 978 665 silvam
994 605 1171 676 tenuerant,
1188 598 1220 663 in
1242 609 1364 685 aperta,

270 705 323 789 qui
351 702 469 787 campis
491 699 688 778 adstiterunt,
715 699 747 764 in
773 699 884 766 silvam
909 699 1064 765 ruebant:
1089 697 1184 765 medii
1203 699 1286 765 inter
1308 699 1367 766 hos

271 802 431 880 cherusci,
454 800 583 866 collibus
607 799 878 865 detrudebantur:
905 800 988 866 inter
1004 822 1082 885 quos
1107 798 1238 885 insignis
1258 799 1368 864 Armi-

271 904 343 970 nius
367 925 472 980 manu,
495 923 582 978 voce,
599 899 736 979 vulnere,
760 901 958 966 sustentabat
983 922 1141 987 pugnarn:
1169 899 1367 966 incubuerat·

273 1028 333 1089 que
356 1000 537 1089 sagittariis,
563 1001 617 1066 illa
640 1012 798 1086 ruptums,
816 1000 850 1065 ui
865 1001 1050 1066 Rbaetorum
1059 999 1366 1086 Vindelicorumque,

273 1114 305 1170 et
319 1103 447 1169 Gallica
463 1102 605 1167 cohortes
629 1099 718 1187 signa
732 1097 938 1186 objecissent:
966 1102 1035 1167 nisu
1050 1109 1158 1166 mmen
1173 1101 1318 1187 eorporis,
1335 1110 1368 1166 et

273 1205 392 1290 impetu
408 1204 478 1287 equi
492 1200 639 1288 pervasit,
655 1201 771 1266 oblitus
784 1201 896 1266 faciem
912 1224 969 1267 suo
983 1223 1102 1278 cruore,
1113 1223 1153 1266 ne
1169 1210 1366 1267 nosceretur:

272 1305 400 1389 quidam
418 1310 439 1339 “
450 1303 593 1390 agnitum
617 1323 638 1365 a
652 1300 787 1366 Chaucis
803 1300 886 1366 inter
900 1302 1018 1368 auxilia
1032 1301 1177 1367 Romana
1191 1302 1366 1389 agentibus,

273 1405 479 1488 emissumque
488 1402 508 1430 ''
526 1401 733 1467 tradiderunt.
787 1400 909 1480 Virtus,
925 1425 980 1469 seu
996 1402 1081 1467 fraus
1104 1402 1223 1479 eadem,
1242 1402 1369 1489 Inguio-

273 1527 359 1569 mero
373 1504 522 1588 effugium
537 1502 645 1568 dedit:
673 1501 768 1567 ceteri
788 1502 904 1587 passim
925 1501 1085 1569 trucidati.
1145 1501 1191 1567 Et
1207 1502 1369 1589 plerosque

275 1612 399 1670 tranare
416 1602 578 1690 Visurgim
601 1608 757 1681 conantes,
774 1599 891 1689 injecta
909 1603 974 1669 tela
990 1610 1047 1668 ant
1061 1601 1109 1668 vis
1122 1599 1259 1669 fluminis
1282 1613 1370 1689 post-

274 1727 361 1770 remo
384 1704 482 1770 moles
498 1703 665 1780 ruentium,
681 1710 713 1767 et
730 1702 903 1768 incidentes
920 1704 1005 1790 ripae,
1020 1726 1179 1789 operuere.
1232 1703 1368 1787 Quidam

274 1805 359 1889 turpi
382 1804 456 1890 fuga
480 1805 512 1868 in
535 1825 657 1869 summa
672 1803 819 1868 arborum
842 1803 911 1883 nisi,
933 1804 1089 1888 ramisque
1110 1826 1143 1869 se
1165 1805 1368 1885 occultantes,

274 1904 412 1970 admotis
436 1904 605 1989 sagittariis
630 1925 686 1988 per
708 1902 878 1969 ludibrium
905 1902 1100 1990 figebantur:
1129 1904 1206 1971 alios
1233 1914 1369 1991 prorutae

274 2005 400 2069 arbores
429 2001 588 2068 addirere.
640 2003 760 2089 Magna
787 2026 825 2068 ea
841 2003 981 2083 victoria,
1007 2027 1107 2090 neque
1130 2015 1261 2072 cruenta
1280 2005 1370 2073 nobis

275 2103 347 2169 fuit.

319 2203 461 2269 XVIII.
497 2202 615 2286 Quinta
649 2202 690 2267 ab
726 2202 804 2267 hora
833 2202 895 2268 diei
931 2203 973 2268 ad
1002 2212 1127 2270 noctem
1156 2206 1226 2271 caesi
1254 2208 1369 2287 hostes,

276 2305 384 2370 decem
413 2303 512 2369 millia
534 2324 681 2390 passuum
707 2301 911 2368 cadaveribus
935 2312 1029 2388 atque
1058 2305 1152 2370 armis
1180 2307 1367 2392 opplevere;

276 2405 406 2491 repertis
428 2405 510 2470 inter
531 2403 629 2490 spolia
651 2425 757 2468 eornm
780 2402 908 2479 catenis,
924 2427 1001 2488 quas
1023 2405 1055 2469 in
1070 2405 1239 2485 Romanos,
1255 2415 1292 2472 ut
1308 2431 1370 2473 non

277 2505 371 2571 dubio
397 2513 522 2581 eventu,
543 2511 754 2590 portaverant.
813 2502 908 2569 Miles
936 2504 968 2568 iu
991 2505 1059 2569 Ioco
1085 2505 1193 2591 proelii,
1211 2506 1370 2572 Tiberium

279 2606 503 2692 Imperatorem
535 2603 694 2681 salutavit,
727 2603 904 2688 struxitque
933 2627 1090 2691 aggerem,
1121 2612 1154 2669 at
1179 2605 1211 2669 iu
1242 2607 1371 2673 modum

276 2708 485 2791 trophaeorum
512 2727 611 2781 arma,
633 2703 815 2788 subscriptis
840 2704 994 2770 victarum
1016 2705 1158 2791 gentium
1183 2707 1369 2789 nominibus,

280 2806 438 2892 imposuit.

321 2906 427 2970 XIX.
455 2904 554 2970 Haud
575 2903 704 2991 perinde
731 2904 905 2970 Germanos
932 2905 1070 2983 vmnera,
1096 2905 1210 2985 luctus,
1238 2909 1371 2993 excidia,

277 3030 371 3091 quum
399 3029 436 3072 ea
460 3006 578 3091 species
598 3004 705 3069 dolore
725 3012 757 3068 et
777 3004 826 3069 ira
847 3004 984 3070 adfecit:
1008 3007 1061 3090 qui
1077 3006 1171 3072 modo
1186 3008 1271 3075 abire
1291 3010 1370 3075 sedi·

277 3108 345 3184 bus,
363 3116 449 3173 trans
475 3107 583 3172 Albim
606 3103 775 3169 concedere
800 3106 964 3190 parabunt,
986 3128 1124 3192 pugnum
1139 3108 1259 3187 volunt,
1283 3133 1372 3177 arma

278 3207 422 3294 rapiunt:
446 3207 561 3293 plebes,
579 3204 738 3291 primores,
748 3201 910 3290 juventus,
930 3228 1030 3283 senes,
1056 3230 1169 3294 agmen
1193 3208 1372 3277 Romanum

279 3314 407 3395 repente
420 3307 590 3383 incursant,
608 3305 759 3370 turbant:
783 3313 941 3390 postremo
956 3305 1098 3394 deligunt
1113 3308 1226 3390 locum,
1243 3307 1372 3378 flumine

278 3416 311 3474 et
344 3408 430 3474 silvis
460 3407 609 3483 clausum,
634 3412 722 3470 arcta
749 3405 834 3471 intus
858 3406 999 3492 planitie,
1024 3415 1057 3472 et
1089 3408 1239 3475 humida:
1277 3412 1372 3478 silvas

277 3531 399 3594 quoque
413 3505 568 3594 profunda
581 3505 671 3592 palus
685 3505 835 3585 ambibat,
847 3505 912 3572 nisi
929 3505 1013 3591 quod
1038 3508 1121 3574 latus
1141 3532 1238 3574 uuum
1255 3510 1371 3599 Angri-

278 3608 356 3674 varii
373 3609 438 3673 lato
461 3630 574 3694 aggere
599 3606 788 3683 extulerunt,
813 3629 874 3690 quo
899 3628 919 3670 a
941 3606 1105 3674 Oberuscis
1131 3608 1369 3677 dirimerentur:

277 3709 329 3773 hic
350 3708 445 3794 pedes
470 3706 609 3783 adstitit;
648 3705 784 3789 equitem
810 3706 990 3792 propinquis
1015 3708 1094 3774 lucis
1119 3709 1238 3791 texere,
1265 3720 1302 3778 ut
1325 3713 1373 3778 in·

277 3808 390 3895 gressis
407 3808 517 3875 silvam
534 3805 707 3892 legionibus
720 3827 741 3869 a
755 3814 843 3891 tergo
859 3806 951 3875 foret.

322 3907 409 3973 XX.
447 3906 533 3973 Nihil
563 3929 603 3972 ex
637 3905 675 3971 iis
706 3905 821 3971 Oaesari
856 3907 1068 3993 incognitum:
1104 3908 1241 3989 consilia,
1277 3911 1370 3992 locos,

278 4016 433 4095 prompta,
448 4007 572 4073 occulta
585 4013 724 4083 noverat,
736 4015 883 4092 astusque
898 4008 1034 4073 bostium
1059 4009 1092 4073 in
1115 4011 1282 4095 perniciem
1297 4012 1372 4098 ipsis

278 4111 431 4176 vertebat.
476 4108 547 4174 Seio
561 4106 717 4172 Tuberoni
737 4107 841 4193 legato
863 4108 961 4174 tradit
976 4109 1122 4193 equitem,
1140 4132 1368 4198 campumque:

278 4209 420 4296 peditum
443 4209 542 4274 aciem
564 4207 610 4272 ita
634 4207 793 4287 instruxit,
819 4216 856 4274 ut
877 4231 950 4295 pars
973 4232 1062 4294 aequo
1088 4209 1121 4274 iu
1147 4211 1257 4278 silvam
1280 4212 1368 4278 aditu

277 4309 445 4387 incederet,
469 4331 541 4395 pars
562 4305 719 4394 objectum
735 4330 880 4395 aggerem
905 4310 1096 4376 eniteretur:
1121 4311 1204 4395 quod
1226 4311 1370 4392 arduum,

276 4411 356 4484 sibi;
382 4417 485 4475 cetera
503 4409 614 4494 legatis
630 4408 780 4494 permisit.
827 4408 948 4491 Quibus
968 4409 1062 4496 plana
1088 4419 1265 4490 evenerant,
1281 4406 1372 4480 facile
