3246 5078
307 424 457 495 lxxxviii
587 438 663 492 una
685 437 866 493 oemunt
889 439 937 495 or
961 438 1127 496 recisus.

308 603 349 667 ab
367 600 585 666 Helvetiorum
600 607 632 666 et
648 599 817 665 Nemetum
837 609 869 667 et
886 601 1100 668 Rauracorum
1117 600 1240 680 finibus,
1254 611 1402 687 rectaque

309 701 445 768 fluminis
475 700 614 767 Danubii
651 701 775 788 regione
815 702 950 788 pertinet
989 702 1031 767 ad
1071 700 1148 768 fines
1176 703 1334 769 Dacorum
1367 710 1400 767 et

312 801 500 869 Anartium:
532 801 605 868 hinc
629 824 662 867 se
692 800 792 867 flectit
821 803 1024 880 sinistrorsus,
1051 803 1181 891 diversis
1209 805 1251 869 ab
1277 801 1402 868 flumine

311 903 497 989 regionibus,
512 904 741 988 multarumque
757 903 898 990 gentium
912 900 990 969 fines
1010 911 1138 989 propter
1154 902 1402 991 magnitudinem

312 1003 469 1089 adtingit;
500 1026 600 1088 neque
621 1004 782 1088 quisquam
813 1011 862 1069 est
884 1000 979 1091 hujus
1002 990 1187 1081 Germaniae,
1213 1005 1266 1088 qui
1291 1026 1324 1069 se
1348 1011 1405 1070 aut

313 1104 416 1170 adisse
438 1103 480 1168 ad
501 1103 626 1169 initium
643 1100 711 1191 ejus
729 1103 815 1169 silvae
834 1103 929 1181 dicat,
944 1126 1040 1190 quum
1058 1103 1178 1169 dierum
1193 1103 1254 1169 iter
1267 1125 1320 1169 nx.
1335 1126 1406 1189 pro·

315 1204 451 1282 cesserit,
480 1212 536 1269 aut
560 1226 621 1289 quo
648 1227 689 1269 ex
713 1203 780 1269 loco
804 1204 933 1281 oriatur,
959 1204 1123 1290 acceperit.
1176 1204 1281 1269 Multa
1309 1203 1341 1268 in
1368 1225 1406 1268 ea

315 1326 429 1391 genera
452 1304 588 1370 ferarum
609 1305 694 1371 nasci
719 1312 851 1383 constat,
868 1327 938 1390 quse
962 1304 1086 1388 reliquis
1110 1304 1143 1368 in
1167 1304 1242 1369 locis
1255 1303 1323 1368 visa
1343 1324 1406 1367 nou

316 1405 399 1471 sint:
424 1427 465 1470 ex
479 1405 590 1488 quibus
604 1427 672 1488 qnae
691 1405 828 1470 maxime
853 1404 997 1471 differant
1019 1405 1060 1470 ab
1075 1403 1186 1470 ceteris
1203 1412 1235 1469 et
1250 1402 1405 1468 memorie

318 1504 478 1592 prodenda
492 1505 667 1584 videantur,
681 1504 750 1571 haec
766 1512 849 1570 sunt.

363 1605 502 1670 XXVI.
526 1605 587 1671 Est
611 1605 668 1671 bos
689 1606 773 1671 cervi
794 1603 904 1692 figura,
927 1604 1015 1693 cujus
1037 1628 1057 1671 a
1078 1605 1183 1670 media
1203 1604 1305 1669 fronte
1326 1604 1408 1669 inter

315 1728 408 1772 aures
432 1727 530 1772 unum
558 1728 654 1770 comu
678 1706 813 1783 exsistit,
828 1707 980 1772 excelsius
1000 1706 1159 1792 magisque
1179 1703 1333 1770 directum
1347 1705 1407 1781 his,

318 1829 387 1895 quae
402 1805 490 1872 nobis
503 1815 580 1871 nota
594 1814 675 1881 sunt,
692 1806 845 1873 cornibus.
890 1807 945 1871 Ab
960 1804 1027 1893 ejus
1041 1828 1170 1884 summo,
1188 1805 1269 1870 sicut
1282 1803 1406 1891 palma,

319 1906 398 1971 rami
414 1928 508 1991 quam
532 1906 596 1971 late
618 1905 845 1973 diffunduntur.
890 1906 1012 1973 Eadem
1037 1914 1085 1972 est
1107 1906 1229 1971 semiue
1256 1904 1410 1990 marioque

318 2014 441 2085 natura,
458 2007 567 2072 eadem
581 2006 681 2073 t'orma
696 2007 939 2095 magnitudoque
953 2029 1112 2073 cornuum.

365 2105 524 2172 XXVII.
551 2106 633 2173 Sunt
669 2108 756 2187 item,
793 2131 863 2193 quae
893 2106 1091 2193 adpellantnr
1124 2107 1217 2173 alces.
1286 2105 1410 2171 Harum

320 2214 370 2272 est
396 2206 563 2273 consimilis
589 2207 708 2294 capreis
730 2205 829 2294 figura
855 2216 888 2273 et
913 2208 1049 2274 varietas
1075 2206 1221 2293 pellium
1247 2205 1302 2270 sed
1324 2228 1411 2292 mag·

319 2306 462 2373 nitudine
478 2308 582 2394 paullo
596 2308 785 2373 antecedunt
803 2308 982 2393 mutilaeque
1005 2316 1079 2373 sunt
1104 2306 1247 2371 cornibus
1267 2313 1300 2369 et
1322 2327 1413 2371 crura

319 2407 385 2474 sins
399 2406 489 2474 nodIs
503 2408 701 2494 articulisque
721 2409 862 2482 habente
890 2431 988 2493 neque
1014 2407 1126 2493 qnietis
1146 2427 1255 2471 caussa
1269 2428 1412 2490 procum·

320 2508 409 2587 bunt,
425 2532 536 2595 neque,
552 2509 578 2574 si
593 2532 653 2594 quo
668 2506 803 2574 adflicta
823 2532 896 2575 casu
918 2508 1120 2586 conciderint,
1136 2506 1252 2592 erigere
1272 2527 1338 2571 sese
1355 2513 1411 2571 aut

320 2609 482 2676 sublevare
505 2618 644 2696 possunt.
691 2609 753 2675 His
772 2618 847 2676 sunt
865 2610 990 2674 arbores
1015 2631 1071 2695 pro
1093 2607 1265 2672 cubilibus:
1293 2605 1335 2670 ad
1358 2628 1412 2672 eas

320 2732 354 2774 se
384 2709 553 2796 adplicant,
585 2718 678 2794 atque
709 2709 764 2787 ita,
788 2710 927 2795 paullum
960 2708 1054 2774 modo
1082 2707 1249 2783 recliuatoe,
1276 2705 1412 2791 quietem

320 2809 469 2894 capiunt:
508 2831 639 2894 quarum
671 2830 711 2872 ex
741 2809 880 2896 vestigiis
909 2832 1005 2894 quum
1034 2816 1082 2874 est
1111 2807 1361 2873 animadversum
1392 2828 1412 2872 a

321 2909 531 2984 venatoribus,
547 2930 609 2992 quo
623 2931 656 2973 se
679 2907 814 2995 recipere
833 2910 1019 2989 consuerint,
1038 2931 1145 2974 omnes
1166 2930 1203 2973 eo
1217 2907 1286 2972 loco
1301 2914 1357 2972 aut
1371 2907 1412 2972 ab

320 3007 477 3073 radicibus
498 3008 662 3087 subruunt,
684 3019 740 3075 aut
758 3009 905 3075 accidunt
929 3009 1056 3075 arbores
1079 3017 1214 3086 tantum,
1231 3015 1268 3072 ut
1292 3029 1414 3072 summa

321 3108 438 3192 species
463 3130 570 3172 earnm
594 3110 745 3176 stantium
770 3110 972 3195 relinquatur.
1017 3107 1092 3174 Huc
1117 3131 1213 3193 qnnm
1238 3129 1270 3172 se
1287 3129 1413 3173 consue·

322 3205 431 3274 tudine
447 3208 674 3287 reclinaverint,
689 3208 828 3277 infirmas
847 3211 973 3276 arbores
992 3208 1127 3296 pondere
1146 3206 1299 3294 adfligunt
1318 3215 1413 3293 atquo

322 3330 385 3373 nna
398 3308 473 3393 ipsae
488 3307 665 3374 concidunt.

367 3408 546 3473 XXVIII.
572 3408 714 3475 Tertium
734 3417 782 3476 est
801 3433 898 3496 genus
918 3432 1036 3485 eorum,
1052 3411 1104 3495 qui
1129 3411 1178 3474 uri
1203 3409 1409 3495 adpellantnr.

325 3507 370 3573 Hi
385 3517 458 3575 sunt
472 3509 688 3595 magnitudine
702 3511 805 3595 paullo
822 3511 903 3577 infra
917 3511 1117 3597 elephantos3
1145 3509 1247 3594 specie
1261 3516 1293 3573 et
1310 3507 1410 3572 colore

323 3616 356 3674 et
386 3607 487 3696 figura
518 3610 613 3675 tauri,
672 3611 793 3697 Magna
822 3611 870 3677 vis
897 3634 1003 3677 eorum
1032 3619 1065 3678 et
1096 3631 1211 3696 magna
1239 3607 1407 3673 velocitas:

322 3731 421 3795 neque
436 3710 564 3789 homini,
580 3733 678 3795 neque
696 3711 778 3788 fera,
794 3734 888 3796 quam
910 3710 1137 3798 conspexerint,
1153 3714 1295 3796 parcunt.
1339 3705 1411 3773 Hos

320 3809 459 3877 studiose
487 3808 586 3876 foveis
613 3820 720 3897 captos
748 3809 947 3877 interficiunt.
999 3811 1072 3876 Hoc
1102 3833 1136 3875 se
1164 3809 1268 3874 labore
1294 3806 1410 3872 durant

321 3909 461 3976 homines
482 3908 692 3978 adolescentes
710 3918 804 3997 atque
825 3913 885 3977 hoc
908 3934 1020 3997 genere
1045 3909 1217 3977 venationis
1242 3914 1409 3981 exercente

320 4016 363 4088 et,
387 4010 439 4094 qui
468 4009 617 4094 plurimos
644 4033 685 4076 ex
714 4011 763 4077 his
791 4011 1021 4091 interfecerunt,
1052 4010 1158 4076 relatis
1188 4008 1221 4072 iu
1250 4007 1410 4094 publicum

319 4109 472 4188 cornibus,
488 4130 557 4194 qua
580 4108 643 4174 sint
662 4112 850 4189 testimonio,
866 4134 1011 4199 magnam
1036 4112 1140 4177 lerunt
1164 4109 1300 4174 laudem.
1345 4106 1410 4173 Sed

317 4209 498 4276 adsuescere
527 4209 568 4273 ad
597 4209 737 4276 homines
766 4220 798 4276 et
829 4210 1032 4291 mansuefierI,
1062 4235 1102 4278 ne
1133 4209 1254 4298 parvuli
1283 4207 1408 4294 quidem

317 4311 450 4397 excepti,
477 4316 614 4397 possunt.
659 4310 846 4397 Amplitudo
872 4334 1020 4377 cornuum
1048 4320 1080 4377 et
1109 4309 1209 4398 figura
1231 4318 1264 4376 ct
1290 4308 1408 4395 species

315 4414 448 4478 multum
475 4435 496 4477 a
517 4418 694 4478 nostrorum
720 4412 811 4478 boum
838 4413 981 4480 cornibus
1004 4412 1118 4479 differt.
1164 4411 1245 4477 Hac
1268 4409 1408 4478 studiose
