3176 5092
583 420 860 499 urrunoouuur.
1124 431 1263 505 lxxxvii

230 600 400 687 Procopius
416 602 524 668 makes
539 603 624 667 them
634 602 755 677 (lotha
774 605 829 670 but
847 605 895 669 his
909 604 1061 690 langnage
1075 626 1151 690 may
1167 609 1263 693 apply

178 710 212 764 to
238 702 321 766 their
335 703 471 788 political
494 704 649 774 relations.
666 702 787 770 besides
807 705 918 781 which,
944 706 984 769 he
1008 713 1154 770 connects
1175 707 1262 772 them

179 800 256 865 wilh
281 803 335 867 the
360 804 506 882 Voodols,
524 805 586 869 and
609 824 680 888 says
700 803 770 870 thar
789 807 866 891 they
883 828 964 869 were
985 806 1149 891 originally
1164 807 1262 872 called

181 901 372 967 Sauromata
386 904 448 969 and
462 903 861 972 Μιίαοοίιίσηί-Γοτθικὰ
884 901 960 982 ἔθνη
986 902 1103 968 πολλὰ
1125 899 1185 984 μὲν
1207 899 1263 966 καὶ

180 991 272 1058 ἄλλα
297 996 458 1084 πρότερόν
481 1023 518 1063 τε
541 998 582 1080 ἦν
607 999 663 1064 καὶ
691 1002 789 1065 τανῦν
817 996 900 1070 ἐστι,
926 994 968 1060 τὰ
997 993 1033 1060 δὲ
1062 993 1101 1075 δὴ
1130 995 1263 1060 πάντων

177 1094 324 1179 μέγιστά
337 1099 453 1183 τεκαὶ
476 1101 728 1185 ἀξιολογώτατα
748 1098 863 1166 Γότθοι
887 1099 923 1163 τέ
948 1096 1015 1163 εἶσι
1034 1097 1091 1162 καὶ
1107 1093 1262 1164 Βανδίλοι

180 1199 236 1265 καὶ
259 1202 474 1286 Οὐῑσίγοτθοι
491 1205 547 1271 καὶ
567 1205 738 1288 Γηπαιδες.
782 1203 896 1268 Πάλαι
918 1203 1031 1285 μέντοι
1051 1201 1262 1287 Σαυρομάται

178 1303 235 1369 καὶ
249 1308 503 1395 Μελάγχλαινοι
521 1308 733 1393 ὠνομάζοντο·
759 1306 826 1374 εἰσὶ
850 1305 885 1372 δὲ
908 1304 941 1371 ol
963 1305 1019 1371 καὶ
1044 1305 1162 1369 Γετικὰ
1185 1303 1262 1383 ἔθνη

177 1405 268 1473 ταῦτ’
284 1409 433 1475 ἐκάλουν.
477 1411 578 1478 Οὗτοι
602 1413 744 1483 ἅπαντες
767 1410 906 1493 ὀνόμασι
927 1409 989 1491 μὲν
1011 1408 1171 1487 ἀλλήλοιν
1194 1405 1263 1472 δια-

176 1510 342 1597 φέρουσιν,
373 1512 487 1603 ὥσπερ
517 1517 652 1605 εἴρηται,
683 1515 779 1602 άλλιρ
816 1512 852 1579 δὲ
888 1515 954 1578 τῶν
985 1511 1119 1577 πάντων
1155 1508 1261 1576 οὐδενὶ

178 1610 439 1683 διαλλάσσουσι.
481 1618 598 1686 Λευκοὶ
611 1620 675 1707 γὰρ
690 1620 833 1689 ἅπαντες
848 1616 891 1681 τὰ
902 1615 1042 1698 σώματά
1056 1615 1092 1679 τέ
1116 1612 1184 1680 εἱσι
1207 1612 1264 1678 καὶ

177 1714 237 1788 τὰς
262 1720 367 1802 κόμας
392 1721 516 1804 ξανθοὶ,
533 1724 683 1806 εὐμήκεις
706 1749 743 1788 τε
764 1721 820 1787 καὶ
848 1718 969 1802 ἀγαθοὶ
993 1717 1053 1789 τὰς
1078 1717 1186 1804 ὄψεις,
1208 1716 1264 1782 καὶ

178 1821 290 1903 νόμοις
303 1824 364 1904 μὲν
384 1828 453 1895 τοῖς
476 1825 587 1897 αὐτοῖς
607 1830 764 1915 χρῶνται,
787 1823 906 1907 ὁμοίως
927 1820 963 1886 δὲ
985 1822 1028 1887 τὰ
1053 1821 1086 1889 ἐς
1108 1819 1165 1886 τὸν
1188 1819 1266 1885 θεὸν

177 1924 289 1996 αὐτοῖς
302 1925 456 2008 ἤσκηται.
499 1934 563 2010 Τῆς
577 1928 641 2017 γὰρ
652 1927 771 2016 Ἀρείου
786 1926 883 2010 δόξης
902 1924 987 1991 εἰσιν
1001 1923 1154 1999 ἅπαντες,
1171 1923 1263 2010 φωνή

175 2053 213 2092 τε
227 2028 340 2100 αὐτοῖς
355 2029 428 2096 ἐστι
438 2030 509 2113 μία,
519 2032 658 2114 Γοτθικὴ
672 2029 843 2115 λεγομένη,
865 2028 925 2094 καί
935 2054 993 2111 μοι
1008 2026 1125 2095 δοκοῦν
1139 2028 1177 2111 ἐξ
1192 2027 1261 2099 ἑνὸς

174 2131 236 2213 μὲν
250 2128 332 2197 εἶναι
354 2131 498 2205 ἅπαντας
523 2134 560 2200 τὸ
583 2136 730 2201 παλαιὸν
753 2133 874 2206 ἔθνους,
900 2129 1040 2213 ὀνόμασι
1061 2130 1097 2196 δὲ
1122 2132 1262 2217 ὕστερον

175 2243 240 2306 τῶν
262 2240 415 2314 ἑκάστοις
434 2243 649 2328 ἡγησαμένων
670 2240 1031 2332 concepturae—Bell.
1043 2240 1180 2306 Vandal.
1192 2243 1211 2306 i.
1230 2245 1261 2307 2.

177 2355 303 2436 Πολλῷ
315 2348 349 2415 δὲ
364 2349 488 2417 ἄποθεν
502 2354 573 2436 (τῆς
588 2351 788 2438 Μαιώτιδος)
802 2349 920 2416 Γότθοι
934 2375 971 2414 τε
982 2349 1038 2415 καὶ
1047 2350 1262 2433 Οὐῐσίγοτθοι

176 2451 232 2518 καὶ
247 2451 401 2519 Βανδίλοι
422 2453 531 2520 καὶτὰ
555 2455 647 2522 ἄλλα
668 2455 809 2521 Γοτθικὰ
822 2451 900 2536 γένη
923 2451 1098 2535 ξύμπαντα
1124 2450 1260 2540 ἵδρυντο.

175 2551 303 2616 —Bell
323 2552 419 2616 Goth.
434 2554 475 2619 iv.
490 2560 520 2619 5.

220 2651 272 2716 He
284 2652 373 2731 adds,
389 2661 452 2731 too,
468 2652 625 2739 Σκίῤῥους
636 2678 673 2719 τε
684 2651 740 2718 καὶ
752 2650 891 2717 Ἀλανο
901 2648 941 2719 ὺς
950 2647 1007 2712 καὶ
1019 2647 1110 2714 ἄλλα
1121 2649 1262 2716 Γὸτθικα

175 2750 385 2832 sem-Bell.
405 2753 501 2819 Goth.
526 2753 546 2817 i.
570 2758 601 2819 1.
662 2752 742 2818 Now
769 2753 823 2818 the
846 2750 947 2815 Alans
973 2771 1064 2828 were,
1090 2751 1261 2838 assuredly,

175 2873 215 2914 no
232 2852 333 2918 Goths
349 2853 382 2917 in
396 2854 574 2940 ethnology.
620 2853 679 2919 See
695 2854 712 2938 ᾗ
727 2853 837 2918 Abroi.

217 2951 284 3017 The
311 2953 467 3030 evidence,
496 2955 580 3030 then,
609 2954 641 3018 in
672 2954 781 3019 favour
807 2953 844 3016 of
862 2949 943 3017 their
973 2950 1066 3036 being
1095 2951 1196 3016 Gotho
1227 2974 1261 3015 or

175 3049 335 3133 Germana,
350 3053 376 3120 is
391 3054 461 3118 thar
476 3054 513 3117 of
528 3076 562 3119 so
576 3076 672 3140 many
686 3054 801 3118 others.
853 3051 948 3116 Their
956 3051 1113 3127 alliances,
1128 3051 1190 3116 aud
1206 3052 1259 3115 the

173 3173 279 3217 names
295 3153 332 3216 of
350 3176 434 3220 some
456 3154 492 3218 of
509 3154 591 3218 their
610 3152 738 3233 leaders,
761 3152 854 3237 along
868 3150 946 3216 with
966 3151 1178 3236 a(socalled)
1195 3159 1257 3216 tra·

173 3250 273 3315 dition
294 3275 346 3317 are
367 3254 400 3319 in
421 3254 504 3319 their
517 3254 648 3330 favour;
676 3253 758 3319 their
776 3252 903 3338 locality
919 3252 1042 3339 against
1065 3252 1162 3315 thom.
1214 3251 1257 3316 So

173 3349 199 3415 is
214 3350 267 3415 the
283 3351 366 3437 gloss
377 3355 526 3440 Gopootu.
560 3354 603 3419 So
619 3355 646 3420 is
662 3355 716 3420 the
732 3375 859 3438 express
873 3352 1019 3418 evidence
1031 3353 1067 3417 of
1076 3351 1257 3439 Procopius.

513 3554 634 3638 §xxrra
655 3577 716 3617 nun
738 3577 910 3618 narraras.

221 3699 322 3766 These
337 3724 389 3766 are
406 3699 473 3766 first
495 3701 673 3766 mentioned
688 3702 732 3787 by
748 3701 966 3779 Mamertinus,
984 3727 1045 3766 sn.
1062 3705 1122 3767 291
1140 3725 1149 3763 ι
1176 3701 1257 3766 their

169 3800 298 3887 locality
308 3801 400 3887 being
421 3824 461 3867 on
482 3801 536 3866 the
554 3800 676 3865 Middle
691 3802 834 3879 Danube,
849 3802 912 3867 and
927 3802 1008 3866 their
1022 3802 1108 3866 chief
1117 3801 1254 3887 political

169 3900 316 3966 relations
336 3901 414 3967 with
439 3902 493 3967 the
519 3902 693 3989 Ἠιοντίαρι,
722 3902 866 3979 Ϋαηάαίο,
894 3902 1026 3988 Gepida,
1048 3902 1252 3981 Orare-Gella,

169 4000 231 4064 and
243 4001 443 4088 Limipaoae.

218 4101 369 4179 Zosimus,
389 4125 430 4167 an
452 4101 628 4167 indifferent
641 4102 812 4188 authority,
828 4104 935 4167 makes
956 4103 1043 4167 them
1064 4101 1249 4187 Scythicus:

166 4198 438 4269 -Ἐττελθόντων
464 4202 499 4269 δὲ
528 4205 722 4291 Θαῑφάλων,
759 4204 922 4270 Σκυθικοῦ
954 4201 1076 4285 γένους,
1111 4202 1251 4269 ἱππεῦσι

166 4302 407 4376 πεντακοσίοις,
423 4303 461 4367 οὐ
475 4301 574 4387 μόνον
588 4305 648 4370 οὐκ
661 4304 862 4386 ἀντετάξατο
877 4301 1015 4377 τούτοις,
1030 4302 1122 4369 ἀλλὰ
1142 4301 1198 4368 καὶ
1213 4300 1251 4368 τὸ

165 4403 256 4470 πολι)
271 4410 328 4488 τῆς
353 4405 517 4490 δυνάμεως
540 4406 729 4482 άττοάαλὼν,
753 4406 809 4472 καὶ
832 4406 875 4472 τὰ
896 4405 997 4494 μέχρι
1021 4411 1079 4473 τοῦ
1102 4408 1251 4494 χάρακος
