3202 5076
257 428 348 499 lxxx
528 444 605 500 run
627 443 811 499 onnunur
837 442 885 500 or
909 444 1074 500 monus

254 605 380 672 sublicae
400 602 494 669 modo
509 603 636 671 derecta
660 604 703 669 ad
725 604 993 690 perpendicnlum,
1009 603 1068 671 sed
1087 627 1184 690 prona
1204 626 1243 670 ac
1263 604 1349 672 fusti-

254 714 340 792 gata,
355 712 392 770 ut
407 703 576 770 secundum
601 712 747 770 naturam
768 702 905 771 fluminis
926 705 1181 791 procumberent:
1210 706 1248 772 iis
1272 707 1349 771 item

255 805 412 871 contraria
428 803 499 880 duo,
517 805 559 869 ad
584 804 729 870 eumdem
752 805 880 871 modum
899 803 1023 891 juncta,
1045 806 1209 871 intervallo
1232 806 1347 892 pedum

255 906 497 992 quadragenum,
520 904 561 970 ab
575 904 718 970 inferiore
739 914 838 991 parte,
853 913 963 971 contra
991 906 1055 973 vim
1078 914 1173 991 atque
1195 907 1348 993 impetum

255 1004 391 1072 fluminis
416 1027 564 1070 conversa
591 1005 761 1072 statuebat.
807 1004 887 1070 Haec
915 1014 1047 1091 utraque
1074 1006 1200 1093 insuper
1220 1007 1349 1092 bipeda-

254 1106 337 1173 libus
360 1105 503 1171 trabibus
527 1104 681 1184 immissis,
701 1112 852 1190 qnantum
878 1128 985 1171 eorum
1016 1107 1174 1192 tignorum
1198 1104 1349 1192 junctura

255 1206 404 1286 distabat,
421 1205 503 1271 binis
529 1205 707 1289 utriumque
736 1203 839 1271 fibulis
857 1206 898 1270 ab
921 1216 1063 1272 extrema
1090 1215 1191 1292 parte,
1219 1206 1348 1273 distine-

253 1307 389 1372 bantur:
413 1305 524 1391 quibus
538 1305 679 1372 disclusis
693 1313 787 1390 atque
802 1305 834 1369 in
849 1306 1036 1371 contrariam
1051 1315 1172 1393 partem
1189 1306 1346 1382 revinctis,

253 1414 346 1473 tauta
361 1415 429 1472 erat
445 1406 546 1491 operis
570 1404 729 1471 firmitudo
751 1414 845 1490 atque
872 1429 910 1472 ea
934 1429 1038 1472 rerum
1063 1416 1188 1482 natura,
1214 1414 1260 1485 ut,
1285 1430 1348 1491 quo

253 1506 355 1594 major
371 1506 418 1571 vis
432 1528 520 1591 aqua
537 1528 570 1572 se
592 1505 794 1584 incitavisset,
809 1507 868 1570 bcc
894 1507 993 1572 artius
1015 1507 1136 1592 illigata
1156 1515 1346 1572 tenerentur.

254 1607 335 1673 Haec
360 1607 488 1672 derecte
508 1606 638 1671 materie
654 1604 770 1693 injecta
784 1607 1031 1671 contexebantur
1045 1616 1077 1673 et
1092 1607 1239 1693 longuriis
1254 1608 1347 1672 crati·

254 1708 371 1793 busque
387 1707 684 1782 consternebantur;
708 1729 746 1771 ac
762 1705 973 1772 nihilosecius
990 1708 1116 1773 sublicas
1133 1717 1166 1772 et
1180 1707 1222 1772 ad
1239 1707 1346 1773 inferi·

254 1831 340 1874 orem
371 1815 493 1893 partem
518 1804 653 1872 fluminis
680 1806 803 1890 oblique
832 1806 1016 1891 agebantur,
1043 1830 1122 1892 quae,
1145 1831 1202 1895 pro
1227 1807 1348 1894 pariete

254 1906 402 1995 subjecta
423 1916 542 1973 etcum
564 1906 648 1971 omni
672 1929 765 1992 opere
787 1904 971 1992 conjunctae,
988 1907 1052 1972 vim
1071 1906 1207 1974 fluminis
1223 1909 1344 1993 excipe·

254 2015 345 2073 rent:
378 2013 411 2072 et
439 2006 507 2072 alia
537 2008 614 2072 item
645 2029 740 2092 snpra
770 2014 898 2092 pontem
924 2007 1074 2073 mediocri
1099 2010 1210 2094 spatio,
1242 2018 1288 2086 ut,
1319 2008 1345 2074 si

254 2107 400 2173 arborum
414 2107 517 2173 trunci
542 2106 606 2172 sive
628 2129 724 2173 naves
740 2105 905 2192 dejiciendi
930 2109 1031 2194 operis
1053 2115 1156 2175 essent
1172 2131 1192 2173 a
1207 2108 1347 2174 barbaris

253 2207 364 2282 missae.
399 2207 449 2274 his
476 2207 690 2274 defensoribus
714 2229 821 2273 earum
849 2229 953 2273 rerum
982 2208 1029 2275 vis
1060 2209 1260 2288 minueretur,
1285 2232 1347 2274 neu

253 2309 342 2395 ponti
360 2314 515 2374 nocerent.

297 2407 438 2476 XVIII.
461 2407 581 2474 Diebus
605 2408 724 2486 decem,
751 2409 862 2492 quibus
887 2408 1019 2474 materia
1041 2416 1143 2494 coepta
1169 2414 1238 2473 erat
1259 2430 1346 2473 oom-

253 2508 381 2597 portari,
403 2510 488 2577 omni
511 2532 603 2594 opere
628 2509 750 2586 effecto,
779 2508 933 2574 exereitus
956 2508 1178 2574 transducitur.
1229 2508 1343 2586 Caesar,

254 2608 296 2676 ad
319 2617 483 2695 utramque
506 2617 628 2696 partem
654 2609 757 2695 pontis
784 2607 872 2673 firmo
899 2608 1043 2693 prasidio
1067 2608 1185 2686 relicto,
1209 2609 1241 2674 in
1267 2609 1344 2675 fines

255 2710 489 2796 Sigambrornm
513 2709 687 2775 contendit.
733 2708 865 2774 Interim
887 2731 908 2774 a
930 2709 1139 2795 compluribus
1164 2709 1344 2776 civitatibus

253 2811 295 2876 ad
320 2833 392 2877 eum
408 2810 504 2896 legati
518 2810 657 2888 veniunt,
674 2808 785 2893 quibus
803 2831 912 2894 pacem
926 2817 1020 2894 atque
1041 2809 1211 2875 amicitiam
1237 2818 1347 2895 peton-

253 2911 338 2976 tibus
350 2911 520 2976 liberaliter
534 2908 694 2994 respondit
708 2908 889 2994 obsidesque
907 2910 995 2976 adse
1016 2909 1130 2975 adduci
1148 2908 1251 2996 jubet.
1296 2911 1345 2975 At

255 3010 411 3096 Sigambri
433 3032 473 3074 ex
497 3032 533 3074 eo
559 3017 708 3096 tempore,
725 3032 785 3094 quo
808 3032 886 3095 pons
908 3009 1028 3075 institui
1052 3018 1170 3095 coeptus
1195 3019 1253 3088 est,
1269 3010 1344 3096 fuga

252 3117 442 3196 comparata,
458 3109 656 3175 hortantibus
678 3109 727 3186 iis,
746 3133 822 3194 qnos
837 3132 878 3175 ex
896 3109 1102 3176 Teuchtheris
1122 3118 1216 3194 atque
1232 3111 1345 3197 Usipe-

252 3210 338 3276 tibus
365 3210 450 3297 apud
483 3232 516 3275 se
547 3209 714 3287 habebant,
749 3208 863 3276 finibus
892 3210 956 3276 suis
989 3220 1195 3289 excesserant,
1227 3234 1345 3296 suaque

252 3310 357 3375 omnia
386 3318 637 3396 exportaverant,
666 3333 758 3394 seque
783 3309 816 3376 in
844 3309 1043 3376 solitudinem
1070 3334 1108 3377 ac
1137 3311 1230 3379 silvas
1255 3312 1348 3378 abdi·

252 3410 373 3476 derant.

296 3510 401 3576 XIX.
443 3510 557 3591 (iasar,
585 3533 701 3597 paucos
737 3511 803 3577 dies
834 3511 866 3576 in
903 3533 1010 3576 eorum
1051 3509 1163 3577 finibus
1193 3519 1343 3589 moratus,

251 3611 395 3677 omuibus
416 3611 493 3677 vicis
518 3609 716 3696 adificiisqne
749 3611 881 3677 incensis
905 3611 1129 3696 frumentisque
1152 3612 1287 3688 succisis,
1309 3633 1345 3677 se

250 3712 283 3779 in
298 3710 374 3777 lines
392 3711 548 3777 Ubiorum
562 3712 700 3798 recepit,
724 3720 819 3797 atque
844 3711 882 3777 iis
903 3712 1055 3778 auxilium
1070 3735 1160 3778 suum
1176 3708 1341 3798 pollicitus,

250 3812 277 3879 si
291 3813 332 3878 ab
349 3812 460 3878 suevis
474 3820 697 3896 premerentur,
713 3813 779 3877 hac
803 3812 899 3878 abiis
920 3812 1089 3898 cognorit:
1115 3812 1241 3889 Suevos,
1257 3819 1345 3897 post-

251 3935 383 3997 eaquam
403 3936 458 3997 per
480 3912 693 3998 exploratores
709 3921 837 3997 pontem
853 3910 918 3978 fieri
933 3913 1165 3999 comperissent,
1187 3934 1273 3976 more
1287 3934 1343 3977 suo

251 4013 380 4079 concilio
412 4012 530 4088 habito,
556 4014 684 4077 nuncios
710 4012 743 4079 iu
767 4035 875 4078 omnes
903 4021 1008 4098 partes
1037 4010 1198 4089 dimisisse,
1227 4012 1275 4077 uti
1304 4011 1345 4078 de

251 4112 374 4200 oppidis
402 4112 621 4198 demigrarent,
638 4112 760 4191 liberos,
778 4135 900 4190 uxores,
928 4135 1043 4197 suaque
1066 4113 1171 4177 omnia
1194 4111 1227 4177 in
1251 4111 1346 4180 silvas

251 4214 441 4299 deponerent
466 4221 561 4296 atque
592 4235 709 4289 omnes,
735 4213 787 4297 qui
814 4236 900 4279 arma
927 4213 1007 4278 ferre
1031 4220 1167 4298 possent,
1192 4234 1290 4279 unum
1313 4213 1345 4279 in

250 4315 353 4381 locum
383 4313 604 4379 convenirent:
643 4312 726 4377 hunc
754 4336 820 4379 esse
850 4313 1005 4378 delectum
1035 4312 1173 4378 medium
1205 4312 1269 4378 fere
1300 4336 1347 4378 re·

250 4414 379 4501 monum
411 4437 528 4491 earum,
561 4435 638 4498 quas
676 4412 771 4481 Suevi
807 4413 1004 4482 obtinerent:
1045 4413 1096 4480 hic
1134 4413 1347 4483 Romanorum
