3202 5076
306 414 341 486 xl
581 432 657 487 nnn
679 432 861 489 onnulur
883 433 930 488 on
955 430 1119 498 neonus.

304 592 433 657 feliciter
452 591 544 657 cessit
570 591 685 678 fugisse
707 593 841 678 patriam
865 614 962 671 suam,
979 614 1053 656 nam
1075 594 1118 658 sic
1142 591 1259 679 adepta
1274 600 1321 659 eet
1338 594 1395 659 soli

304 694 401 759 nostri
416 693 637 779 opulentiam.''

348 792 397 857 At
420 793 475 857 the
498 800 622 877 present
647 801 787 859 moment
812 793 866 859 the
890 796 970 862 δαίνυ
994 794 1145 859 commeari
1166 815 1242 858 near
1257 793 1394 870 Verona,

306 893 369 958 and
383 893 437 958 the
458 892 584 958 Prodico
599 894 750 958 commoni
770 916 847 957 near
864 893 1014 972 Vicenze,
1037 916 1090 958 arc
1110 893 1273 958 inhahited
1296 894 1339 980 by
1355 916 1396 959 en

305 992 437 1059 isolated
460 993 649 1079 population‚
666 992 770 1058 whose
792 993 946 1080 language
967 997 994 1061 is
1015 1016 1035 1057 a
1056 991 1203 1079 peculias,
1222 995 1286 1058 end
1301 994 1397 1060 insuf-

307 1091 444 1180 ficiently
457 1092 594 1168 studied,
620 1092 733 1158 dialect
759 1092 795 1156 of
814 1093 869 1158 the
898 1093 1264 1180 German-apparently
1286 1095 1322 1160 of
1341 1096 1397 1159 the

307 1193 547 1279 HighGerman
563 1192 704 1258 division.
750 1193 822 1257 The
838 1194 1005 1260 Alemanni
1021 1193 1058 1257 of
1074 1192 1129 1257 the
1148 1193 1223 1258 time
1242 1194 1279 1258 of
1296 1195 1398 1259 Theo-

305 1293 390 1358 doric
405 1316 457 1357 are
472 1293 526 1357 the
540 1292 702 1370 Germana,
716 1293 818 1357 whom
832 1293 896 1360 this
908 1294 1087 1360 settlement
1102 1294 1130 1359 is
1143 1300 1226 1359 most
1239 1295 1399 1380 generally

307 1393 460 1480 supposed
475 1401 508 1457 to
523 1402 691 1478 represent.

350 1498 378 1558 2.
409 1494 470 1559 ΤΙιι
510 1495 659 1559 Garamas
693 1494 733 1579 os
759 1494 806 1558 rw
841 1495 1026 1559 Ortma-
1040 1494 1213 1579 Procopius
1243 1495 1398 1561 mentions

303 1594 403 1659 under
424 1593 479 1658 the
500 1615 592 1658 namo
615 1593 652 1657 of
679 1590 796 1658 Γότθοι
825 1596 1034 1679 Τετραξῖται,
1057 1594 1183 1659 asmall
1200 1592 1317 1659 Gothic
1342 1616 1400 1679 po·

304 1694 444 1780 puletion
461 1715 501 1757 on
518 1693 572 1758 the
590 1692 687 1757 Palus
708 1690 918 1756 Maeotis—‘H
934 1694 1086 1763 Μαιῶτις
1100 1690 1282 1774 καλουμένη
1293 1695 1397 1775 λίμνη

305 1905 397 1994 παρὰ
419 1904 455 1970 δὲ
480 1904 537 1970 τὸν
558 1907 669 1992 χῶρον
690 1902 798 1976 αὐτὸν,
822 1901 897 1968 ὅθεν
919 1903 939 1983 ἡ
962 1907 1020 1985 τῆς
1040 1902 1160 1986 λίμνης
1190 1903 1311 1986 totally
1340 1903 1398 1991 ἄρ-

304 2035 412 2098 χεται,
428 2006 545 2072 Γότθοι
565 2005 599 2073 οἱ
617 2007 816 2091 Τετραξῖται
834 2006 1033 2087 καλούμενοι
1048 2005 1202 2095 ᾤκηνται,
1218 2008 1257 2074 οὐ
1271 2007 1397 2074 πολλοὶ

306 2113 532 2184 deren-Bell.
547 2117 644 2182 Goth.
659 2117 701 2182 iv.
717 2121 748 2181 l.

347 2219 400 2284 He
428 2218 544 2305 praises
568 2218 622 2282 the
649 2217 783 2303 brevery
812 2216 889 2281 with
916 2217 1018 2282 which
1047 2218 1125 2306 they
1151 2219 1318 2285 withstood
1342 2218 1396 2284 the

306 2320 479 2405 Utugruri.ll

348 2420 387 2485 In
402 2422 456 2485 the
470 2420 629 2506 following
655 2425 779 2483 extract
804 2416 858 2480 tha
882 2407 1035 2493 Ἀὲασγοί
1052 2441 1105 2483 are
1127 2419 1182 2484 the
1204 2417 1394 2485 Oircessians

304 2521 381 2586 with
397 2523 500 2585 whom
515 2519 602 2585 these
617 2518 721 2585 Gotho
736 2539 823 2582 came
838 2539 923 2580 more
937 2517 969 2580 in
984 2525 1108 2583 contnct
1126 2520 1203 2583 than
1227 2541 1292 2604 any
1307 2520 1399 2585 other

303 2620 628 2708 Europeans:-Eirs
657 2615 692 2682 δὲ
720 2620 778 2699 τῆς
799 2612 918 2702 Ἀρείου
948 2613 1045 2698 δόξης
1074 2615 1222 2700 ἐγένοντό
1252 2642 1335 2682 ποτε
1364 2624 1398 2690 οἱ

305 2729 422 2795 Γότθοι
444 2729 544 2805 οὗτοι,
569 2728 682 2814 ὥσπερ
706 2723 762 2790 καὶ
791 2726 834 2789 τὰ
862 2721 956 2789 ἄλλα
979 2724 1122 2791 Γοτθικό
1144 2725 1231 2808 ἔθνη,
1255 2727 1321 2792 εἴτε
1343 2727 1400 2793 καὶ

303 2832 391 2898 ἄλλο
414 2859 448 2898 τι
472 2830 560 2918 ἀμφὶ
581 2834 622 2916 τῇ
645 2828 724 2913 δόξῃ
738 2827 850 2897 αὐτοῖς
868 2826 1005 2909 ἤσκητο,
1030 2829 1090 2895 οὐκ
1111 2828 1179 2918 ἔχω
1196 2829 1309 2911 εἰπεῖν,
1326 2829 1400 2897 ἐπεὶ

304 2933 379 3000 οὐδὲ
394 2934 488 3001 αὐτοὶ
504 2935 629 3013 ἴσασιν,
647 2929 726 2998 ἀλλ’
750 2930 893 3016 όφελεία
915 2957 952 2997 τε
974 2936 1073 2999 τανῦν
1087 2932 1144 2998 καὶ
1157 2931 1400 3023 όπρινγμοσόνη

302 3042 417 3123 πολλῇ
435 3040 559 3121 τιμῶσι
576 3035 635 3119 τὴν
659 3034 767 3118 δόξαν.
797 3032 898 3100 Οὗτοι
918 3032 1022 3120 όλίγηι
1046 3035 1208 3124 πρότερον
1226 3037 1328 3121 (λέγω
1351 3036 1397 3118 δὲ,

302 3139 399 3221 ἡνίκα
420 3137 553 3228 πρῶτόν
569 3165 606 3205 τε
631 3137 688 3203 καὶ
709 3137 860 3204 εἰκοστὸν
889 3136 961 3209 ἔτος
979 3135 1212 3211 Ἰουστινιανὸς
1233 3140 1399 3220 βασιλεὺς

302 3243 362 3326 τὴν
376 3243 605 3333 αὐτοκράτορα
620 3240 710 3331 εἶχεν
724 3238 846 3329 ἀρχὴν)
872 3239 1029 3328 πρέσὲεις
1047 3242 1207 3330 τέτταρας
1223 3243 1256 3315 ἐς
1278 3244 1395 3325 Βυζάν-

303 3372 372 3413 τιον
394 3345 561 3435 ἔπεμψαν,
586 3344 773 3412 ἐπίσκοπον
795 3342 897 3430 σφίσι
919 3345 993 3410 τινὰ
1016 3340 1162 3428 δεόμενοι
1184 3344 1306 3412 δοῦναι·
1326 3347 1398 3413 ἐπεὶ

302 3452 395 3522 ὅστις
408 3451 469 3533 μὲν
483 3451 596 3521 αὐτοῖς
611 3447 714 3536 ἱερεὺς
728 3445 777 3528 ἦν,
796 3446 1024 3529 τετελευτήκει
1039 3449 1078 3514 οὐ
1091 3450 1212 3537 πολλῷ
1226 3448 1400 3538 πρότερον,

297 3551 471 3636 Ἔηυωσαν
485 3553 521 3618 δὲ
539 3554 582 3625 ὡς
606 3551 663 3617 καὶ
679 3549 849 3632 Ἀθοσιγοῖς
874 3548 962 3637 ἱερέα
984 3550 1152 3630 βασιλεὺς
1176 3550 1321 3639 ἔπεμψε,
1343 3553 1401 3619 καὶ

301 3656 413 3728 αὐτοῖς
427 3656 665 3744 προθυμότατα
678 3652 912 3723 Ἰουστινιανὸς
922 3653 1089 3732 βασιλεὺς
1101 3654 1240 3736 ἐπιτελῆ
1252 3656 1400 3738 ποιήσας

300 3766 360 3847 τὴν
374 3767 488 3849 δέησιν
502 3763 866 3851 ἀπεπέμψατο-ΒεΙΙ.
883 3763 980 3828 Goth.
994 3764 1036 3829 iv.
1051 3768 1081 3830 4.
1207 3766 1215 3779 '

350 3885 390 3949 In
419 3885 474 3949 the
503 3883 611 3968 eighth
643 3889 775 3967 century
800 3880 878 3965 they
908 3880 1079 3946 withstand
1106 3883 1161 3948 the
1191 3882 1399 3949 Khazarsz-

301 3976 405 4048 Οὗτος
428 3975 446 4041 ό
470 3976 563 4045 ὅσιος
577 3974 687 4058 πατὴρ
706 3972 799 4056 ἡμῶν
823 3969 973 4053 Ἰωάννης
997 3973 1182 4047 ἐπίσκοπος
1199 3974 1240 4057 ἦν
1258 3974 1397 4049 Γοτθίας

301 4080 357 4146 ἐπὶ
372 4078 621 4146 Κωνσταντίνου
644 4074 701 4141 καὶ
714 4075 853 4147 Λέοντος
870 4078 936 4141 τῶν
956 4076 1142 4155 βασιλέων,
1158 4077 1345 4167 ὁρμώμενος
1359 4080 1397 4146 ἐκ

300 4186 357 4262 τῆς
380 4184 561 4267 περοτικῆς
584 4183 649 4245 τῶν
670 4177 914 4263 Ταυροσκυθῶν
936 4180 1007 4261 γῆς,
1031 4183 1090 4261 τῆς
1114 4181 1178 4247 ὑπὸ
1204 4180 1263 4262 τὴν
1281 4183 1399 4271 χώραν

299 4289 363 4352 τῶν
392 4285 521 4351 Γότθοιν
558 4282 729 4362 τελούσης,
763 4282 924 4367 ἐμπορίου
960 4284 1142 4366 λεγομένου
1175 4285 1397 4373 Παρθενιτῶνι

618 4419 636 4453 *
655 4416 783 4487 Probably
799 4417 877 4472 ollied
894 4430 921 4472 to
939 4419 984 4473 the
999 4419 1081 4475 Hune.
