3232 5100
631 458 911 515 mnasonem.
1272 447 1310 515 xi

222 622 332 689 Hister
346 623 445 689 oritur
458 622 568 699 amnis,
584 622 633 686 vel
647 629 792 707 stagnum
807 620 958 686 dilatatur
973 621 1164 708 Mysiauum,
1180 623 1312 691 tendens

222 725 385 809 usquead
415 721 544 789 flumina
571 721 699 808 Tyrum,
731 722 934 797 Danaatmm‚
959 731 991 786 et
1015 722 1217 808 Vagcsolam,
1243 746 1313 789 ma·

223 847 381 911 gnumque
409 824 496 889 illum
521 822 711 899 Danubium,
736 822 934 906 Taurumque
966 830 1114 900 montem,
1141 845 1201 888 non
1224 825 1312 890 illum

223 925 318 1003 Asia,
335 925 389 990 sed
404 923 572 1010 proprium,
587 922 620 987 id
637 929 684 987 eat
699 921 894 1008 Scythicum,
922 944 978 1007 per
1001 945 1124 988 omnem
1153 923 1313 990 Maeotidis

224 1024 387 1103 ambitum,
402 1024 543 1108 ultraque
570 1021 733 1099 Maeotida,
749 1044 804 1107 per
818 1021 977 1107 angustias
998 1022 1128 1109 Bospori
1153 1046 1249 1108 usque
1270 1025 1312 1090 ad

223 1124 396 1190 Oaucasum
421 1131 569 1200 montem,
593 1144 776 1206 amnemque
791 1123 952 1186 Araxem:
988 1145 1024 1187 ac
1048 1123 1161 1188 deinde
1185 1125 1218 1189 in
1239 1125 1312 1190 sini·

224 1233 322 1291 stram
348 1232 469 1309 partem
492 1221 617 1299 reflexa,
640 1230 712 1308 poat
734 1244 819 1286 marc
844 1221 1000 1307 Caspium,
1017 1245 1085 1307 quse
1107 1223 1141 1287 in
1164 1227 1313 1291 extremis

224 1325 310 1392 Asiae
331 1321 443 1390 finibus
467 1325 507 1389 ab
529 1322 655 1388 Oceano
678 1321 866 1399 Euroboreo,
888 1321 920 1386 in
935 1322 1062 1388 modum
1076 1324 1163 1409 fungi
1178 1325 1312 1410 primum

224 1426 336 1500 tenuis,
352 1431 421 1509 post
437 1424 504 1489 baec
520 1421 672 1488 latissima
692 1429 724 1487 et
743 1421 878 1486 rotunda
897 1422 997 1488 forma
1019 1423 1167 1503 exoritur,
1183 1446 1314 1510 vergens

222 1526 264 1590 ad
280 1525 423 1601 Hunnoa,
440 1523 590 1600 Albanos,
604 1531 636 1587 et
651 1522 743 1588 Seres
755 1544 852 1606 usque
865 1522 1047 1608 digreditur.
1092 1524 1172 1589 Haec
1185 1524 1312 1608 inquam

224 1625 335 1712 patria,
366 1624 399 1689 id
427 1633 475 1690 eat
502 1622 642 1710 Scythia,
672 1623 763 1709 longe
792 1645 825 1688 se
852 1622 991 1700 tendens,
1016 1623 1139 1709 lateque
1160 1625 1310 1710 aperiens,

224 1726 320 1791 babet
341 1726 382 1790 ab
404 1725 522 1789 oriente
548 1723 647 1798 Seres,
670 1722 702 1787 in
725 1723 792 1808 ipso
813 1724 861 1788 aui
883 1723 1032 1808 principio
1053 1725 1095 1788 ad
1117 1723 1192 1790 litus
1207 1724 1312 1811 Caspii

224 1824 320 1890 maris
339 1831 589 1897 commanentem
616 1823 656 1888 ab
682 1822 842 1888 occidente
864 1823 1044 1902 Germanos,
1063 1832 1096 1889 et
1121 1822 1235 1889 flumen
1251 1824 1313 1890 Vi-

223 1926 336 2000 stulae3
360 1925 400 1989 ab
421 1933 536 2001 arctoo,
554 1923 649 1988 idest
671 1923 914 2008 septentrionali,
930 1923 1140 1990 circumdatur
1162 1923 1308 1990 Oceano:

224 2049 245 2091 a
268 2024 398 2090 meridie
424 2022 561 2100 Perside,
577 2021 722 2100 Albania,
751 2021 892 2101 Hiberia,
923 2023 1037 2104 Ponto,
1063 2033 1157 2109 atque
1171 2033 1310 2092 extremo

224 2126 313 2190 alveo
340 2124 453 2199 Histri,
479 2124 532 2207 qni
559 2122 673 2187 dicitur
702 2122 874 2199 Danubius,
900 2126 940 2188 ab
965 2124 1046 2189 ostio
1069 2147 1124 2189 suo
1148 2147 1245 2209 usque
1270 2127 1311 2191 ad

224 2224 353 2290 fontem.
397 2223 435 2288 ln
457 2246 494 2288 eo
516 2246 589 2288 vero
610 2222 669 2286 loci
686 2222 793 2299 latere,
811 2245 872 2306 quo
894 2222 1061 2288 Ponticum
1082 2224 1158 2289 litus
1171 2226 1310 2312 attingit,

224 2325 347 2411 oppidis
370 2324 456 2390 haud
479 2324 616 2389 obscuris
638 2320 817 2399 involvitur,
845 2322 1073 2401 Boristhcnide,
1094 2323 1196 2402 Olbia,
1220 2324 1312 2391 Galli-

224 2425 317 2512 pode,
340 2425 504 2502 Chersone,
529 2422 715 2499 Theodosio,
740 2421 890 2500 Pareone,
913 2422 1130 2509 Mirmyoione,
1146 2432 1179 2489 et
1196 2425 1312 2512 Trape-

225 2534 336 2591 zunta:
360 2548 437 2610 quas
451 2524 609 2589 indomita
627 2522 816 2609 Scytharum
838 2522 979 2588 nationes
1001 2523 1125 2589 Graecos
1147 2525 1311 2610 permisere

224 2626 365 2706 condere,
383 2625 506 2692 sibimet
532 2623 715 2689 commercia
736 2629 945 2708 praestaturos.
996 2623 1035 2687 In
1060 2621 1148 2710 cujus
1174 2623 1312 2710 Scythia

224 2726 327 2791 medio
349 2734 397 2792 est
418 2726 512 2804 locus,
529 2724 582 2808 qui
597 2724 708 2789 Asiam
724 2723 943 2809 Europamque
967 2724 1009 2788 ab
1023 2723 1173 2789 altemtro
1188 2724 1311 2791 dividit.

224 2826 347 2911 Riphaei
361 2826 478 2892 scilicet
501 2832 634 2901 montes,
651 2823 704 2908 qui
730 2822 850 2888 Tanain
872 2823 1081 2889 vastissimum
1104 2824 1241 2889 fundunt
1266 2825 1313 2889 in·

224 2934 361 2992 trentam
391 2925 564 2998 Maeotida3
603 2921 690 3010 cujus
718 2922 841 3009 paludis
869 2924 1016 2989 circuitus
1046 2946 1193 3010 passuum
1214 2925 1312 2991 millia

223 3049 341 3106 canum
357 3031 594 3111 nmquamvo
609 3023 689 3088 ulnis
703 3023 797 3088 altius
810 3024 1008 3089 subsidentis.
1052 3024 1091 3088 In
1105 3047 1166 3109 qua
1182 3024 1314 3112 Scythia

225 3128 325 3213 prima
338 3127 378 3192 ab
392 3127 552 3193 occidente
565 3146 642 3211 gens
658 3123 740 3189 sedit
754 3122 956 3210 Gepidarum,
974 3147 1042 3208 que
1063 3125 1184 3211 magnis
1205 3125 1313 3212 opina·

224 3229 324 3311 tisque
338 3227 475 3292 ambitur
488 3224 675 3290 fluminibus.
720 3223 803 3288 Nam
818 3223 961 3290 Tisienus
975 3247 1030 3310 per
1049 3224 1224 3309 aquilonem
1246 3223 1314 3312 ejus

227 3349 396 3410 corumque
428 3325 583 3391 discurrit.
635 3324 690 3390 Ab
718 3324 828 3389 Africo
850 3346 924 3389 rero
954 3346 1087 3410 magnus
1111 3325 1177 3411 ipse
1205 3326 1312 3391 Danu·

226 3427 306 3502 bins,
322 3427 362 3491 ab
383 3448 456 3490 euro
477 3423 588 3490 fluvius
610 3425 721 3491 Tausis
735 3432 842 3490 secat:
870 3424 922 3510 qui
947 3424 1075 3509 rapidus
1090 3447 1128 3489 ac
1144 3426 1313 3493 verticosus

224 3527 256 3591 in
280 3526 383 3592 Histri
405 3523 522 3589 fluenta
542 3526 646 3590 furens
668 3524 852 3590 devolvitur.
905 3523 1061 3590 Introrsus
1075 3525 1120 3590 illi
1138 3524 1238 3590 Dacia
1254 3534 1313 3605 est,

224 3628 266 3693 ad
291 3648 411 3692 coronae
436 3625 569 3711 speciem
593 3624 698 3689 arduis
721 3625 856 3711 Alpibus
882 3625 1038 3690 emunita:
1060 3622 1157 3711 juxta
1183 3648 1313 3710 quorum

225 3727 384 3794 sinistrum
400 3727 492 3802 latus,
510 3724 593 3809 quod
607 3724 640 3788 in
661 3725 836 3809 aquilonem
850 3724 961 3811 vergit,
977 3733 1010 3790 et
1035 3726 1076 3790 ab
1090 3733 1161 3790 omn
1179 3726 1313 3791 Vistula

225 3826 361 3894 fluminis
378 3826 598 3914 perimmensa
614 3825 716 3909 spatia
729 3826 825 3904 venit,
843 3825 1044 3890 Winidarum
1059 3825 1145 3890 natio
1166 3826 1315 3911 populosa

225 3928 376 3995 consedit.
420 3928 559 4009 Quomm
581 3924 707 3989 nomina
730 3925 803 3989 licet
827 3947 911 3990 nunc
935 3925 1108 4011 pervarias
1128 3925 1261 3992 familias
1282 3934 1314 3991 et

224 4030 293 4094 loca
320 4035 488 4107 mutentur,
504 4024 716 4112 principaliter
742 4033 847 4090 manen
868 4024 1005 4090 Sclavini
1029 4033 1061 4090 et
1085 4026 1188 4091 Antea
1214 4026 1315 4091 nomi-

225 4138 350 4194 nantur.
395 4127 530 4193 Solarini
545 4149 565 4191 a
579 4125 706 4191 civitate
720 4147 810 4203 nova,
827 4133 858 4190 ct
874 4124 1019 4192 Sclavino
1035 4125 1265 4203 Rumunnensc,
1282 4135 1315 4192 et

224 4230 295 4295 lacu
317 4229 369 4314 qui
390 4227 565 4313 appellatur
581 4226 754 4303 Musianus,
770 4248 867 4311 usque
883 4226 925 4291 ad
940 4225 1141 4305 Danastium,
1157 4234 1190 4291 ct
1210 4226 1243 4291 in
1260 4227 1316 4291 bo-

224 4353 309 4395 ream
335 4329 444 4394 Viacla
467 4337 559 4392 tenus
583 4334 832 4392 commorantur:
857 4327 890 4391 hi
915 4326 1045 4412 paludes
1069 4326 1233 4413 sylvasque
1258 4349 1314 4411 pro

223 4431 405 4497 civitatibus
427 4428 553 4495 habent.
598 4428 699 4493 Antea
724 4450 807 4506 vcro,
833 4428 885 4511 qui
911 4435 984 4493 aunt
1012 4449 1117 4492 eorum
1145 4425 1314 4505 fortissimi,
