3246 5078
321 413 401 481 xcvi
595 425 672 480 rua
695 424 879 480 assuant
900 424 949 481 os
971 426 1139 483 ricinus,

321 586 430 666 vincia,
447 587 622 673 pollicetur.
673 587 858 653 Exercitum
875 586 1011 667 reduxit,
1028 611 1200 676 nomenque
1217 591 1414 679 imperatoris

317 696 444 754 auctore
471 690 596 754 Tiberio
621 690 751 775 accepit.
803 688 938 753 Arminii
955 711 1045 767 uxor,
1063 691 1161 756 virilis
1175 715 1268 759 sexus
1282 696 1411 782 stirpem

318 788 417 853 edidit
432 813 440 853 r
464 789 615 854 educatus
628 789 786 854 Ravennae
798 812 884 875 puer,
900 811 961 873 quo
975 811 1050 855 mox
1065 790 1198 857 ludibrio
1214 792 1411 862 conflictatus

319 888 369 966 sit,
384 890 416 954 in
431 898 570 975 tempore
588 889 776 956 memorabo.

362 988 457 1057 LIX.
481 989 582 1055 Fama
609 990 708 1056 dediti
739 989 931 1074 benigneque
959 991 1083 1076 excepti
1107 990 1247 1078 Segestis
1271 997 1410 1083 vulgata,

315 1096 351 1153 ut
387 1090 558 1174 quibusque
592 1090 708 1156 bellum
732 1090 839 1155 invitis
862 1097 919 1154 aut
945 1090 1141 1175 cupientibus
1170 1101 1249 1170 erat,
1278 1119 1333 1182 spe
1360 1098 1409 1164 vel

316 1187 422 1256 dolore
438 1191 599 1276 accipitur.
645 1191 834 1268 Arminium,
852 1212 945 1276 super
965 1190 1090 1256 insitam
1108 1193 1299 1274 violentiam,
1317 1205 1410 1283 rapta

317 1312 406 1369 uxor,
436 1289 594 1379 subjectus
629 1292 755 1357 servitio
779 1292 886 1356 uxoris
912 1300 1029 1371 uterus,
1056 1293 1221 1359 vecordem
1247 1297 1405 1382 agebant:

257 1422 263 1441 κ
316 1391 528 1478 volitabatque
564 1416 619 1478 per
657 1392 839 1469 Cheruscos,
872 1413 961 1457 arma
998 1392 1031 1456 in
1058 1393 1230 1480 Segestem,
1258 1420 1346 1464 arma
1374 1399 1407 1464 in

287 1510 299 1555 κ
317 1489 471 1557 Gaesarem
497 1516 646 1579 poscens:
675 1516 774 1577 neque
800 1492 920 1577 probris
945 1493 1153 1578 temperabat.
1206 1496 1408 1584 “Egregium

308 1584 458 1677 *patreml
484 1616 631 1680 magnum
654 1593 892 1679 imperatorem!
919 1593 1032 1657 fortem
1054 1595 1248 1661 exercitum!
1276 1620 1407 1681 quorum

315 1698 364 1756 tot
391 1716 502 1760 manus
522 1716 616 1759 unam
638 1693 850 1759 mulierculam
872 1693 1045 1759 evexerint.
1092 1694 1159 1759 Sibi
1177 1704 1241 1761 tres
1260 1697 1406 1784 legiones,

315 1793 449 1859 totidem
470 1793 590 1881 legatos
611 1793 818 1879 procubuisse.
863 1791 934 1856 Non
957 1792 1039 1857 enim
1056 1816 1090 1859 se
1107 1796 1291 1880 proditione,
1307 1821 1406 1883 neque

315 1893 464 1960 adversus
477 1895 608 1960 feminas
621 1893 777 1980 gravidas,
789 1891 845 1958 sed
859 1892 963 1977 palam
975 1893 1124 1960 adversm
1138 1905 1276 1963 armatos
1291 1899 1407 1964 bellum

315 2001 470 2060 tractare:
497 1996 581 2060 cerni
606 1995 708 2059 adhuc
734 1992 962 2060 Germanorum
985 1994 1019 2058 in
1044 1993 1122 2061 lucis
1147 1997 1237 2083 signa
1252 1999 1403 2079 Romana,

315 2116 383 2178 quae
406 2094 466 2161 diis
487 2095 596 2182 patriis
617 2094 832 2181 suspenderit:
857 2092 971 2159 coleret
988 2092 1133 2180 Segestes
1149 2098 1264 2163 victam
1283 2099 1402 2185 ripam;

314 2194 458 2261 redderet
489 2195 554 2261 filio
583 2194 811 2261 sacerdotium:
851 2194 1008 2259 hominem
1037 2194 1209 2263 Germanos
1234 2221 1405 2284 numquam

316 2296 392 2360 satis
418 2305 629 2374 excusaturos,
655 2296 738 2381 quod
765 2297 847 2361 inter
867 2294 976 2360 Albim
1003 2301 1036 2360 et
1064 2294 1210 2361 Rhenum
1234 2298 1346 2385 virgas,
1373 2308 1407 2365 et

316 2418 446 2475 secures,
476 2406 508 2463 et
533 2407 639 2484 togam
665 2396 809 2462 viderint.
863 2394 947 2461 Aliis
968 2395 1124 2481 gentibus,
1148 2397 1323 2482 ignorantia
1347 2400 1405 2465 im·

316 2497 393 2582 perii
420 2497 564 2574 Romani,
582 2498 745 2583 inexperta
768 2520 834 2563 esse
861 2496 1022 2582 supplicia,
1045 2498 1148 2562 nescia
1174 2498 1310 2564 tributa:
1334 2523 1404 2585 qua

315 2598 439 2683 quando
461 2599 614 2677 exuerint,
633 2598 803 2682 inritusque
825 2597 999 2663 discesserit
1017 2596 1067 2660 ille
1081 2597 1163 2662 inter
1176 2599 1305 2664 numina
1322 2600 1406 2666 dica-

315 2706 367 2765 tus
383 2699 555 2785 Augustus,
571 2699 621 2764 ille
637 2697 776 2763 delectus
791 2697 948 2773 Tiberius,
968 2719 1007 2761 ne
1029 2696 1206 2784 imperitum
1229 2699 1406 2767 adolescen-

316 2800 427 2875 tulum,
452 2822 491 2863 ne
525 2799 705 2865 seditiosum
733 2798 905 2863 exercitum
930 2807 1141 2883 pavescerent.
1200 2799 1233 2865 Si
1260 2801 1404 2886 patriam,

316 2908 470 2984 parentes,
486 2899 615 2984 antiqua
628 2897 768 2976 mallent,
784 2898 1044 2983 quemdominus,
1070 2906 1102 2964 et
1124 2900 1261 2966 colonias
1283 2924 1401 2977 novas;

316 2998 495 3063 Arminium
519 2998 623 3084 potius
645 2998 751 3084 gloriae
778 3022 815 3064 ac
840 2998 1003 3077 libertatis,
1028 3020 1121 3084 qnam
1143 2999 1305 3086 Segestem
1319 3000 1406 3089 flagi-

315 3100 403 3164 tiosas
420 3100 578 3165 servitutis
596 3098 705 3164 ducem
721 3097 954 3184 sequerentur.”

359 3200 436 3266 LX.
460 3200 581 3266 Conciti
602 3223 658 3285 per
678 3200 744 3263 haec
767 3222 829 3264 non
843 3199 937 3264 modo
959 3197 1117 3277 Cherusci,
1134 3201 1190 3266 sed
1205 3203 1404 3268 contermina

313 3310 444 3388 gentes;
473 3308 650 3383 tractusque
674 3299 705 3364 in
731 3308 836 3385 partes
858 3298 1076 3385 Inguiomerus
1100 3300 1236 3367 Arminii
1262 3310 1403 3388 patmus,

312 3403 411 3470 veteri
427 3401 511 3487 apud
529 3400 687 3465 Romanos
700 3400 908 3465 anctoritate:
937 3399 1019 3465 unde
1034 3397 1133 3487 major
1149 3400 1264 3468 Oaesari
1280 3413 1402 3469 metus:
1420 3460 1422 3465 ,

312 3512 345 3569 et
364 3526 402 3567 ne
423 3502 539 3567 bellum
560 3502 640 3565 mole
664 3523 727 3566 una
740 3501 908 3586 ingrueret,
927 3500 1082 3565 Oaecinam
1107 3524 1178 3568 cunr
1198 3503 1405 3589 quadraginta

313 3603 492 3670 cohortibus
528 3601 688 3679 Romanis,
728 3601 930 3667 distrahendo
966 3601 1060 3679 hosti,
1087 3623 1142 3686 per
1169 3602 1336 3668 Bmcteros
1361 3604 1404 3669 ad

313 3702 429 3769 flumen
455 3700 610 3767 Amisiam
635 3701 757 3766 mittit:
792 3702 928 3786 equitem
957 3699 1046 3766 Pedo
1081 3703 1255 3787 prefectus,
1290 3700 1404 3770 finibus

315 3804 487 3869 Frisiorum
509 3801 615 3866 ducit:
642 3802 707 3887 ipse
729 3802 889 3888 impositas
906 3801 1037 3867 navibus
1051 3809 1185 3885 quatuor
1198 3802 1333 3886 legiones
1348 3827 1404 3890 per

313 3907 398 3971 lacus
412 3903 522 3969 vexit:
549 3902 702 3986 simulque
717 3902 821 3988 pedes,
844 3924 946 3986 eques,
971 3901 1086 3977 classis,
1112 3902 1195 3987 apud
1219 3902 1404 3986 pradictum

313 4027 437 4070 amnem
454 4025 633 4067 convenere.
679 4002 796 4069 Chauci
813 4025 884 4068 cum
899 4001 1016 4066 auxilia
1031 4001 1256 4087 pollicerentur,
1273 4002 1305 4066 in
1320 4026 1405 4070 com-

312 4106 458 4171 militium
484 4103 595 4169 adsciti
621 4111 704 4171 sunt.
750 4101 917 4167 Bructeros
942 4125 999 4169 sua
1013 4109 1146 4180 urentes,
1165 4102 1315 4187 expedita
1331 4127 1403 4171 cum

311 4229 406 4271 manu
425 4204 464 4269 L.
480 4203 656 4281 Stertinius,
673 4203 769 4268 missu
786 4202 962 4269 Germanici
977 4202 1070 4279 ludit,
1086 4201 1227 4286 interque
1241 4203 1357 4270 caedem
1372 4214 1404 4269 et

313 4306 451 4393 praedam
488 4302 601 4390 reperit
635 4301 871 4369 undevicesimae
902 4303 1030 4389 legionis
1056 4302 1191 4386 aquilam
1218 4326 1289 4369 cnm
1319 4305 1405 4370 Varo

312 4407 468 4474 amissam.
525 4405 665 4470 Doctum
693 4403 765 4469 inde
794 4426 906 4490 agmen
931 4402 972 4469 ad
1002 4403 1129 4469 ultimos
1160 4394 1405 4473 Bructeromm:
