<?xml version="1.0" encoding="UTF-8"?>
<!DOCTYPE html PUBLIC "-//W3C//DTD XHTML 1.0 Transitional//EN"
    "http://www.w3.org/TR/xhtml1/DTD/xhtml1-transitional.dtd">
<html xmlns="http://www.w3.org/1999/xhtml" xml:lang="en" lang="en">
 <head>
  <title>
</title>
<meta http-equiv="Content-Type" content="text/html;charset=utf-8" />
  <meta name='ocr-system' content='tesseract 3.04.00' />
  <meta name='ocr-capabilities' content='ocr_page ocr_carea ocr_par ocr_line ocrx_word'/>
</head>
<body>
  <div class='ocr_page' id='page_1' title='image "./germaniatacitus02lathgoog_0123.png"; bbox 0 0 3246 5078; ppageno 0'>
   <div class='ocr_carea' id='block_1_1' title="bbox 252 421 1066 490">
    <p class='ocr_par' dir='ltr' id='par_1_1' title="bbox 252 421 1066 490">
     <span class='ocr_line' id='line_1_1' title="bbox 252 421 1066 490; baseline -0.007 0"><span class='ocrx_word' id='word_1_1' title='bbox 252 421 333 490; x_wconf 78' lang='lat' dir='ltr'>ovili</span> <span class='ocrx_word' id='word_1_2' title='bbox 519 435 597 490; x_wconf 79' lang='lat' dir='ltr'>THE</span> <span class='ocrx_word' id='word_1_3' title='bbox 619 432 802 489; x_wconf 77' lang='lat' dir='ltr'>GERMANI</span> <span class='ocrx_word' id='word_1_4' title='bbox 825 432 873 488; x_wconf 83' lang='lat' dir='ltr'>OF</span> <span class='ocrx_word' id='word_1_5' title='bbox 898 432 1066 488; x_wconf 75' lang='lat' dir='ltr'>TACI&#39;I&#39;US.</span> 
     </span>
    </p>
   </div>
   <div class='ocr_carea' id='block_1_2' title="bbox 251 593 1347 1184">
    <p class='ocr_par' dir='ltr' id='par_1_2' title="bbox 251 593 1347 1184">
     <span class='ocr_line' id='line_1_2' title="bbox 252 593 1344 682; baseline 0 -21"><span class='ocrx_word' id='word_1_6' title='bbox 252 596 416 682; x_wconf 84' lang='lat' dir='ltr'>inrupere:</span> <span class='ocrx_word' id='word_1_7' title='bbox 440 596 509 680; x_wconf 90' lang='lat' dir='ltr'>quis</span> <span class='ocrx_word' id='word_1_8' title='bbox 526 593 756 681; x_wconf 87' lang='lat' dir='ltr'>impugnandus</span> <span class='ocrx_word' id='word_1_9' title='bbox 772 616 878 680; x_wconf 80' lang='lat' dir='ltr'>agger,</span> <span class='ocrx_word' id='word_1_10' title='bbox 893 602 930 658; x_wconf 93' lang='lat' dir='ltr'>nt</span> <span class='ocrx_word' id='word_1_11' title='bbox 945 594 971 660; x_wconf 94' lang='lat' dir='ltr'>si</span> <span class='ocrx_word' id='word_1_12' title='bbox 988 604 1111 659; x_wconf 87' lang='lat' dir='ltr'>murum</span> <span class='ocrx_word' id='word_1_13' title='bbox 1132 595 1344 672; x_wconf 78' lang='lat' dir='ltr'>succederent,</span> 
     </span>
     <span class='ocr_line' id='line_1_3' title="bbox 251 691 1347 782; baseline -0.001 -21"><span class='ocrx_word' id='word_1_14' title='bbox 251 696 399 782; x_wconf 83' lang='lat' dir='ltr'>gravibus</span> <span class='ocrx_word' id='word_1_15' title='bbox 423 719 554 781; x_wconf 82' lang='lat' dir='ltr'>superne</span> <span class='ocrx_word' id='word_1_16' title='bbox 571 696 686 761; x_wconf 89' lang='lat' dir='ltr'>ictibus</span> <span class='ocrx_word' id='word_1_17' title='bbox 700 691 968 761; x_wconf 88' lang='lat' dir='ltr'>conflictabantur.</span> <span class='ocrx_word' id='word_1_18' title='bbox 1024 693 1129 760; x_wconf 82' lang='lat' dir='ltr'>Sensit</span> <span class='ocrx_word' id='word_1_19' title='bbox 1152 694 1217 760; x_wconf 85' lang='lat' dir='ltr'>dux</span> <span class='ocrx_word' id='word_1_20' title='bbox 1247 695 1347 781; x_wconf 90' lang='lat' dir='ltr'>impa-</span> 
     </span>
     <span class='ocr_line' id='line_1_4' title="bbox 252 794 1346 882; baseline 0 -21"><span class='ocrx_word' id='word_1_21' title='bbox 252 820 317 862; x_wconf 91' lang='lat' dir='ltr'>rem</span> <span class='ocrx_word' id='word_1_22' title='bbox 339 796 479 861; x_wconf 92' lang='lat' dir='ltr'>cominus</span> <span class='ocrx_word' id='word_1_23' title='bbox 504 819 650 882; x_wconf 85' lang='lat' dir='ltr'>pugnam,</span> <span class='ocrx_word' id='word_1_24' title='bbox 667 794 854 878; x_wconf 84' lang='lat' dir='ltr'>remotisque</span> <span class='ocrx_word' id='word_1_25' title='bbox 880 795 1016 880; x_wconf 90' lang='lat' dir='ltr'>paullum</span> <span class='ocrx_word' id='word_1_26' title='bbox 1043 794 1225 881; x_wconf 78' lang='lat' dir='ltr'>legionibus,</span> <span class='ocrx_word' id='word_1_27' title='bbox 1240 795 1346 861; x_wconf 86' lang='lat' dir='ltr'>fundi-</span> 
     </span>
     <span class='ocr_line' id='line_1_5' title="bbox 252 893 1343 981; baseline -0.001 -20"><span class='ocrx_word' id='word_1_28' title='bbox 252 905 336 962; x_wconf 87' lang='lat' dir='ltr'>tores</span> <span class='ocrx_word' id='word_1_29' title='bbox 355 897 578 980; x_wconf 86' lang='lat' dir='ltr'>libratoresqne</span> <span class='ocrx_word' id='word_1_30' title='bbox 592 904 738 961; x_wconf 87' lang='lat' dir='ltr'>excutere</span> <span class='ocrx_word' id='word_1_31' title='bbox 754 894 829 971; x_wconf 89' lang='lat' dir='ltr'>tela,</span> <span class='ocrx_word' id='word_1_32' title='bbox 844 902 877 959; x_wconf 93' lang='lat' dir='ltr'>et</span> <span class='ocrx_word' id='word_1_33' title='bbox 891 896 1074 980; x_wconf 81' lang='lat' dir='ltr'>proturbare</span> <span class='ocrx_word' id='word_1_34' title='bbox 1097 896 1220 961; x_wconf 90' lang='lat' dir='ltr'>hostem</span> <span class='ocrx_word' id='word_1_35' title='bbox 1231 893 1343 981; x_wconf 88' lang='lat' dir='ltr'>jubet:</span> 
     </span>
     <span class='ocr_line' id='line_1_6' title="bbox 251 995 1347 1081; baseline -0.001 -19"><span class='ocrx_word' id='word_1_36' title='bbox 251 997 353 1062; x_wconf 89' lang='lat' dir='ltr'>missae</span> <span class='ocrx_word' id='word_1_37' title='bbox 371 1020 388 1061; x_wconf 89' lang='lat' dir='ltr'>e</span> <span class='ocrx_word' id='word_1_38' title='bbox 405 997 570 1062; x_wconf 88' lang='lat' dir='ltr'>tormentis</span> <span class='ocrx_word' id='word_1_39' title='bbox 594 997 704 1073; x_wconf 74' lang='lat' dir='ltr'>hasta,</span> <span class='ocrx_word' id='word_1_40' title='bbox 725 1004 902 1080; x_wconf 90' lang='lat' dir='ltr'>quantoque</span> <span class='ocrx_word' id='word_1_41' title='bbox 926 995 1083 1080; x_wconf 87' lang='lat' dir='ltr'>conspicui</span> <span class='ocrx_word' id='word_1_42' title='bbox 1110 996 1209 1081; x_wconf 90' lang='lat' dir='ltr'>magis</span> <span class='ocrx_word' id='word_1_43' title='bbox 1230 1018 1347 1081; x_wconf 89' lang='lat' dir='ltr'>propn-</span> 
     </span>
     <span class='ocr_line' id='line_1_7' title="bbox 251 1093 1346 1184; baseline 0 -23"><span class='ocrx_word' id='word_1_44' title='bbox 251 1106 406 1184; x_wconf 84' lang='lat' dir='ltr'>gnatores,</span> <span class='ocrx_word' id='word_1_45' title='bbox 438 1105 527 1162; x_wconf 88' lang='lat' dir='ltr'>tanto</span> <span class='ocrx_word' id='word_1_46' title='bbox 561 1096 700 1182; x_wconf 89' lang='lat' dir='ltr'>pluribus</span> <span class='ocrx_word' id='word_1_47' title='bbox 724 1094 903 1161; x_wconf 82' lang='lat' dir='ltr'>vulneribus</span> <span class='ocrx_word' id='word_1_48' title='bbox 929 1093 1051 1182; x_wconf 87' lang='lat' dir='ltr'>dejecti.</span> <span class='ocrx_word' id='word_1_49' title='bbox 1097 1095 1222 1162; x_wconf 89' lang='lat' dir='ltr'>Primus</span> <span class='ocrx_word' id='word_1_50' title='bbox 1240 1096 1346 1162; x_wconf 78' lang='lat' dir='ltr'>(laesar</span> 
     </span>
    </p>
   </div>
   <div class='ocr_carea' id='block_1_3' title="bbox 243 1194 1344 4494">
    <p class='ocr_par' dir='ltr' id='par_1_3' title="bbox 249 1194 1344 1583">
     <span class='ocr_line' id='line_1_8' title="bbox 250 1194 1343 1283; baseline 0 -21"><span class='ocrx_word' id='word_1_51' title='bbox 250 1220 322 1262; x_wconf 89' lang='lat' dir='ltr'>cum</span> <span class='ocrx_word' id='word_1_52' title='bbox 353 1197 504 1283; x_wconf 84' lang='lat' dir='ltr'>praetoriis</span> <span class='ocrx_word' id='word_1_53' title='bbox 535 1196 726 1272; x_wconf 85' lang='lat' dir='ltr'>cohortibus,</span> <span class='ocrx_word' id='word_1_54' title='bbox 757 1204 849 1281; x_wconf 87' lang='lat' dir='ltr'>capto</span> <span class='ocrx_word' id='word_1_55' title='bbox 879 1194 970 1272; x_wconf 87' lang='lat' dir='ltr'>vallo,</span> <span class='ocrx_word' id='word_1_56' title='bbox 999 1195 1087 1261; x_wconf 86' lang='lat' dir='ltr'>dedit</span> <span class='ocrx_word' id='word_1_57' title='bbox 1123 1196 1276 1281; x_wconf 90' lang='lat' dir='ltr'>impetum</span> <span class='ocrx_word' id='word_1_58' title='bbox 1311 1197 1343 1262; x_wconf 91' lang='lat' dir='ltr'>in</span> 
     </span>
     <span class='ocr_line' id='line_1_9' title="bbox 249 1296 1342 1382; baseline -0.001 -20"><span class='ocrx_word' id='word_1_59' title='bbox 249 1298 361 1362; x_wconf 90' lang='lat' dir='ltr'>silvas:</span> <span class='ocrx_word' id='word_1_60' title='bbox 387 1298 510 1362; x_wconf 89' lang='lat' dir='ltr'>conlato</span> <span class='ocrx_word' id='word_1_61' title='bbox 530 1296 594 1361; x_wconf 90' lang='lat' dir='ltr'>illic</span> <span class='ocrx_word' id='word_1_62' title='bbox 619 1296 720 1382; x_wconf 87' lang='lat' dir='ltr'>gradu</span> <span class='ocrx_word' id='word_1_63' title='bbox 746 1304 922 1360; x_wconf 86' lang='lat' dir='ltr'>certatum:</span> <span class='ocrx_word' id='word_1_64' title='bbox 947 1296 1070 1361; x_wconf 90' lang='lat' dir='ltr'>bostem</span> <span class='ocrx_word' id='word_1_65' title='bbox 1092 1320 1113 1361; x_wconf 90' lang='lat' dir='ltr'>a</span> <span class='ocrx_word' id='word_1_66' title='bbox 1134 1304 1222 1382; x_wconf 89' lang='lat' dir='ltr'>tergo</span> <span class='ocrx_word' id='word_1_67' title='bbox 1244 1297 1342 1381; x_wconf 90' lang='lat' dir='ltr'>palus,</span> 
     </span>
     <span class='ocr_line' id='line_1_10' title="bbox 249 1394 1344 1482; baseline 0.001 -19"><span class='ocrx_word' id='word_1_68' title='bbox 249 1397 408 1463; x_wconf 82' lang='lat' dir='ltr'>Romanos</span> <span class='ocrx_word' id='word_1_69' title='bbox 424 1394 540 1462; x_wconf 87' lang='lat' dir='ltr'>flumen</span> <span class='ocrx_word' id='word_1_70' title='bbox 563 1408 618 1462; x_wconf 86' lang='lat' dir='ltr'>aut</span> <span class='ocrx_word' id='word_1_71' title='bbox 634 1410 754 1461; x_wconf 88' lang='lat' dir='ltr'>montes</span> <span class='ocrx_word' id='word_1_72' title='bbox 777 1394 986 1460; x_wconf 82' lang='lat' dir='ltr'>claudebant:</span> <span class='ocrx_word' id='word_1_73' title='bbox 1015 1398 1154 1482; x_wconf 88' lang='lat' dir='ltr'>utrisque</span> <span class='ocrx_word' id='word_1_74' title='bbox 1176 1398 1344 1464; x_wconf 85' lang='lat' dir='ltr'>necessitas</span> 
     </span>
     <span class='ocr_line' id='line_1_11' title="bbox 252 1495 968 1583; baseline -0.003 -20"><span class='ocrx_word' id='word_1_75' title='bbox 252 1497 284 1563; x_wconf 96' lang='lat' dir='ltr'>in</span> <span class='ocrx_word' id='word_1_76' title='bbox 303 1498 379 1574; x_wconf 92' lang='lat' dir='ltr'>loco,</span> <span class='ocrx_word' id='word_1_77' title='bbox 396 1520 467 1583; x_wconf 91' lang='lat' dir='ltr'>spes</span> <span class='ocrx_word' id='word_1_78' title='bbox 483 1498 515 1562; x_wconf 92' lang='lat' dir='ltr'>in</span> <span class='ocrx_word' id='word_1_79' title='bbox 533 1498 660 1575; x_wconf 87' lang='lat' dir='ltr'>virtute,</span> <span class='ocrx_word' id='word_1_80' title='bbox 676 1496 759 1562; x_wconf 89' lang='lat' dir='ltr'>salus</span> <span class='ocrx_word' id='word_1_81' title='bbox 774 1518 814 1560; x_wconf 83' lang='lat' dir='ltr'>ex</span> <span class='ocrx_word' id='word_1_82' title='bbox 829 1495 968 1561; x_wconf 87' lang='lat' dir='ltr'>victoria.</span> 
     </span>
    </p>

    <p class='ocr_par' dir='ltr' id='par_1_4' title="bbox 247 1596 1341 3086">
     <span class='ocr_line' id='line_1_12' title="bbox 294 1596 1341 1684; baseline -0.001 -21"><span class='ocrx_word' id='word_1_83' title='bbox 294 1597 399 1663; x_wconf 85' lang='lat' dir='ltr'>XXI.</span> <span class='ocrx_word' id='word_1_84' title='bbox 426 1597 493 1662; x_wconf 87' lang='lat' dir='ltr'>Nee</span> <span class='ocrx_word' id='word_1_85' title='bbox 519 1597 620 1661; x_wconf 88' lang='lat' dir='ltr'>minor</span> <span class='ocrx_word' id='word_1_86' title='bbox 650 1596 816 1661; x_wconf 82' lang='lat' dir='ltr'>Germanis</span> <span class='ocrx_word' id='word_1_87' title='bbox 838 1596 971 1674; x_wconf 86' lang='lat' dir='ltr'>animus,</span> <span class='ocrx_word' id='word_1_88' title='bbox 1004 1597 1060 1663; x_wconf 88' lang='lat' dir='ltr'>sed</span> <span class='ocrx_word' id='word_1_89' title='bbox 1085 1620 1198 1683; x_wconf 90' lang='lat' dir='ltr'>genere</span> <span class='ocrx_word' id='word_1_90' title='bbox 1229 1620 1341 1684; x_wconf 79' lang='lat' dir='ltr'>pugnas</span> 
     </span>
     <span class='ocr_line' id='line_1_13' title="bbox 249 1694 1340 1782; baseline -0.003 -18"><span class='ocrx_word' id='word_1_91' title='bbox 249 1706 281 1763; x_wconf 92' lang='lat' dir='ltr'>et</span> <span class='ocrx_word' id='word_1_92' title='bbox 298 1721 455 1764; x_wconf 89' lang='lat' dir='ltr'>armorum</span> <span class='ocrx_word' id='word_1_93' title='bbox 471 1697 718 1782; x_wconf 75' lang='lat' dir='ltr'>superabantur:</span> <span class='ocrx_word' id='word_1_94' title='bbox 743 1718 813 1760; x_wconf 88' lang='lat' dir='ltr'>cnm</span> <span class='ocrx_word' id='word_1_95' title='bbox 830 1694 939 1782; x_wconf 84' lang='lat' dir='ltr'>ingens</span> <span class='ocrx_word' id='word_1_96' title='bbox 951 1697 1130 1776; x_wconf 89' lang='lat' dir='ltr'>multitudo,</span> <span class='ocrx_word' id='word_1_97' title='bbox 1146 1698 1241 1763; x_wconf 90' lang='lat' dir='ltr'>arctis</span> <span class='ocrx_word' id='word_1_98' title='bbox 1255 1698 1340 1775; x_wconf 89' lang='lat' dir='ltr'>locis,</span> 
     </span>
     <span class='ocr_line' id='line_1_14' title="bbox 248 1796 1341 1884; baseline 0 -21"><span class='ocrx_word' id='word_1_99' title='bbox 248 1800 421 1884; x_wconf 87' lang='lat' dir='ltr'>praelongas</span> <span class='ocrx_word' id='word_1_100' title='bbox 454 1798 560 1862; x_wconf 89' lang='lat' dir='ltr'>hastas</span> <span class='ocrx_word' id='word_1_101' title='bbox 598 1820 660 1861; x_wconf 92' lang='lat' dir='ltr'>non</span> <span class='ocrx_word' id='word_1_102' title='bbox 700 1796 912 1883; x_wconf 88' lang='lat' dir='ltr'>protenderet,</span> <span class='ocrx_word' id='word_1_103' title='bbox 943 1820 1005 1861; x_wconf 92' lang='lat' dir='ltr'>non</span> <span class='ocrx_word' id='word_1_104' title='bbox 1035 1798 1204 1884; x_wconf 87' lang='lat' dir='ltr'>colligeret,</span> <span class='ocrx_word' id='word_1_105' title='bbox 1241 1821 1341 1883; x_wconf 92' lang='lat' dir='ltr'>neque</span> 
     </span>
     <span class='ocr_line' id='line_1_15' title="bbox 247 1896 1341 1981; baseline -0.001 -18"><span class='ocrx_word' id='word_1_106' title='bbox 247 1899 422 1964; x_wconf 86' lang='lat' dir='ltr'>adsultibus</span> <span class='ocrx_word' id='word_1_107' title='bbox 438 1907 470 1962; x_wconf 88' lang='lat' dir='ltr'>et</span> <span class='ocrx_word' id='word_1_108' title='bbox 496 1896 661 1961; x_wconf 89' lang='lat' dir='ltr'>velocitate</span> <span class='ocrx_word' id='word_1_109' title='bbox 684 1918 846 1981; x_wconf 92' lang='lat' dir='ltr'>corporum</span> <span class='ocrx_word' id='word_1_110' title='bbox 871 1905 1020 1976; x_wconf 89' lang='lat' dir='ltr'>uteretur,</span> <span class='ocrx_word' id='word_1_111' title='bbox 1035 1908 1145 1963; x_wconf 88' lang='lat' dir='ltr'>coacta</span> <span class='ocrx_word' id='word_1_112' title='bbox 1166 1898 1276 1964; x_wconf 89' lang='lat' dir='ltr'>stabile</span> <span class='ocrx_word' id='word_1_113' title='bbox 1299 1898 1341 1963; x_wconf 91' lang='lat' dir='ltr'>ad</span> 
     </span>
     <span class='ocr_line' id='line_1_16' title="bbox 249 1996 1340 2084; baseline 0.001 -21"><span class='ocrx_word' id='word_1_114' title='bbox 249 1999 409 2084; x_wconf 86' lang='lat' dir='ltr'>proelium:</span> <span class='ocrx_word' id='word_1_115' title='bbox 434 2009 542 2062; x_wconf 85' lang='lat' dir='ltr'>contra</span> <span class='ocrx_word' id='word_1_116' title='bbox 567 1996 665 2074; x_wconf 91' lang='lat' dir='ltr'>miles,</span> <span class='ocrx_word' id='word_1_117' title='bbox 684 1997 733 2061; x_wconf 91' lang='lat' dir='ltr'>cui</span> <span class='ocrx_word' id='word_1_118' title='bbox 754 2004 877 2061; x_wconf 91' lang='lat' dir='ltr'>scutum</span> <span class='ocrx_word' id='word_1_119' title='bbox 896 1999 1013 2082; x_wconf 91' lang='lat' dir='ltr'>pectori</span> <span class='ocrx_word' id='word_1_120' title='bbox 1035 1998 1226 2084; x_wconf 87' lang='lat' dir='ltr'>adpressum,</span> <span class='ocrx_word' id='word_1_121' title='bbox 1243 2008 1275 2065; x_wconf 91' lang='lat' dir='ltr'>et</span> <span class='ocrx_word' id='word_1_122' title='bbox 1295 2000 1340 2064; x_wconf 90' lang='lat' dir='ltr'>iu·</span> 
     </span>
     <span class='ocr_line' id='line_1_17' title="bbox 249 2097 1339 2184; baseline 0.002 -21"><span class='ocrx_word' id='word_1_123' title='bbox 249 2098 354 2164; x_wconf 91' lang='lat' dir='ltr'>sidens</span> <span class='ocrx_word' id='word_1_124' title='bbox 364 2097 473 2184; x_wconf 91' lang='lat' dir='ltr'>capulo</span> <span class='ocrx_word' id='word_1_125' title='bbox 482 2119 602 2174; x_wconf 88' lang='lat' dir='ltr'>manus,</span> <span class='ocrx_word' id='word_1_126' title='bbox 618 2097 699 2163; x_wconf 89' lang='lat' dir='ltr'>latos</span> <span class='ocrx_word' id='word_1_127' title='bbox 712 2097 911 2162; x_wconf 88' lang='lat' dir='ltr'>barbarorum</span> <span class='ocrx_word' id='word_1_128' title='bbox 928 2108 1025 2174; x_wconf 88' lang='lat' dir='ltr'>artus,</span> <span class='ocrx_word' id='word_1_129' title='bbox 1038 2098 1124 2163; x_wconf 92' lang='lat' dir='ltr'>nuda</span> <span class='ocrx_word' id='word_1_130' title='bbox 1137 2121 1192 2164; x_wconf 90' lang='lat' dir='ltr'>ora</span> <span class='ocrx_word' id='word_1_131' title='bbox 1209 2100 1339 2177; x_wconf 84' lang='lat' dir='ltr'>foderet,</span> 
     </span>
     <span class='ocr_line' id='line_1_18' title="bbox 249 2197 1339 2285; baseline 0 -21"><span class='ocrx_word' id='word_1_132' title='bbox 249 2199 393 2283; x_wconf 79' lang='lat' dir='ltr'>viamque</span> <span class='ocrx_word' id='word_1_133' title='bbox 415 2207 518 2283; x_wconf 81' lang='lat' dir='ltr'>strage</span> <span class='ocrx_word' id='word_1_134' title='bbox 541 2198 679 2262; x_wconf 92' lang='lat' dir='ltr'>hostium</span> <span class='ocrx_word' id='word_1_135' title='bbox 706 2198 860 2282; x_wconf 87' lang='lat' dir='ltr'>aperiret:</span> <span class='ocrx_word' id='word_1_136' title='bbox 885 2197 1074 2284; x_wconf 84' lang='lat' dir='ltr'>impromptu</span> <span class='ocrx_word' id='word_1_137' title='bbox 1091 2197 1160 2285; x_wconf 85' lang='lat' dir='ltr'>jam</span> <span class='ocrx_word' id='word_1_138' title='bbox 1184 2199 1339 2277; x_wconf 83' lang='lat' dir='ltr'>Arminio,</span> 
     </span>
     <span class='ocr_line' id='line_1_19' title="bbox 248 2297 1340 2385; baseline 0.002 -22"><span class='ocrx_word' id='word_1_139' title='bbox 248 2299 289 2364; x_wconf 95' lang='lat' dir='ltr'>ob</span> <span class='ocrx_word' id='word_1_140' title='bbox 304 2300 452 2364; x_wconf 89' lang='lat' dir='ltr'>continua</span> <span class='ocrx_word' id='word_1_141' title='bbox 478 2298 622 2383; x_wconf 86' lang='lat' dir='ltr'>pericula,</span> <span class='ocrx_word' id='word_1_142' title='bbox 640 2297 704 2362; x_wconf 86' lang='lat' dir='ltr'>sive</span> <span class='ocrx_word' id='word_1_143' title='bbox 723 2297 812 2361; x_wconf 92' lang='lat' dir='ltr'>illum</span> <span class='ocrx_word' id='word_1_144' title='bbox 838 2320 944 2363; x_wconf 83' lang='lat' dir='ltr'>recens</span> <span class='ocrx_word' id='word_1_145' title='bbox 965 2308 1128 2385; x_wconf 88' lang='lat' dir='ltr'>acceptum</span> <span class='ocrx_word' id='word_1_146' title='bbox 1144 2299 1255 2364; x_wconf 87' lang='lat' dir='ltr'>vulnus</span> <span class='ocrx_word' id='word_1_147' title='bbox 1275 2308 1340 2365; x_wconf 91' lang='lat' dir='ltr'>tar·</span> 
     </span>
     <span class='ocr_line' id='line_1_20' title="bbox 248 2397 1341 2484; baseline 0 -19"><span class='ocrx_word' id='word_1_148' title='bbox 248 2399 389 2465; x_wconf 83' lang='lat' dir='ltr'>daverat.</span> <span class='ocrx_word' id='word_1_149' title='bbox 433 2398 515 2482; x_wconf 77' lang='lat' dir='ltr'>Quin</span> <span class='ocrx_word' id='word_1_150' title='bbox 531 2406 563 2462; x_wconf 94' lang='lat' dir='ltr'>et</span> <span class='ocrx_word' id='word_1_151' title='bbox 583 2397 814 2484; x_wconf 79' lang='lat' dir='ltr'>Inguiomerum</span> <span class='ocrx_word' id='word_1_152' title='bbox 829 2405 898 2463; x_wconf 89' lang='lat' dir='ltr'>tota</span> <span class='ocrx_word' id='word_1_153' title='bbox 912 2399 1096 2464; x_wconf 88' lang='lat' dir='ltr'>volitantem</span> <span class='ocrx_word' id='word_1_154' title='bbox 1118 2399 1196 2475; x_wconf 87' lang='lat' dir='ltr'>acie,</span> <span class='ocrx_word' id='word_1_155' title='bbox 1214 2400 1341 2466; x_wconf 88' lang='lat' dir='ltr'>fortuna</span> 
     </span>
     <span class='ocr_line' id='line_1_21' title="bbox 249 2497 1340 2587; baseline 0.001 -22"><span class='ocrx_word' id='word_1_156' title='bbox 249 2501 349 2587; x_wconf 86' lang='lat' dir='ltr'>magis</span> <span class='ocrx_word' id='word_1_157' title='bbox 376 2522 470 2585; x_wconf 93' lang='lat' dir='ltr'>quam</span> <span class='ocrx_word' id='word_1_158' title='bbox 499 2498 599 2564; x_wconf 86' lang='lat' dir='ltr'>virtus</span> <span class='ocrx_word' id='word_1_159' title='bbox 629 2499 790 2564; x_wconf 87' lang='lat' dir='ltr'>deserebat</span> <span class='ocrx_word' id='word_1_160' title='bbox 805 2522 812 2562; x_wconf 94' lang='lat'>:</span> <span class='ocrx_word' id='word_1_161' title='bbox 827 2506 877 2564; x_wconf 91' lang='lat' dir='ltr'>·et</span> <span class='ocrx_word' id='word_1_162' title='bbox 906 2497 1120 2574; x_wconf 86' lang='lat' dir='ltr'>Germanicus,</span> <span class='ocrx_word' id='word_1_163' title='bbox 1151 2522 1212 2583; x_wconf 92' lang='lat' dir='ltr'>qno</span> <span class='ocrx_word' id='word_1_164' title='bbox 1238 2501 1340 2587; x_wconf 85' lang='lat' dir='ltr'>magis</span> 
     </span>
     <span class='ocr_line' id='line_1_22' title="bbox 250 2598 1340 2688; baseline 0.001 -23"><span class='ocrx_word' id='word_1_165' title='bbox 250 2601 500 2688; x_wconf 88' lang='lat' dir='ltr'>adgnosceretur,</span> <span class='ocrx_word' id='word_1_166' title='bbox 533 2599 713 2664; x_wconf 81' lang='lat' dir='ltr'>detraxerat</span> <span class='ocrx_word' id='word_1_167' title='bbox 748 2598 884 2684; x_wconf 90' lang='lat' dir='ltr'>tegimen</span> <span class='ocrx_word' id='word_1_168' title='bbox 920 2600 1024 2685; x_wconf 89' lang='lat' dir='ltr'>capiti,</span> <span class='ocrx_word' id='word_1_169' title='bbox 1053 2600 1223 2684; x_wconf 87' lang='lat' dir='ltr'>orabatque</span> <span class='ocrx_word' id='word_1_170' title='bbox 1259 2607 1278 2637; x_wconf 76' lang='lat'>‘⁶</span> <span class='ocrx_word' id='word_1_171' title='bbox 1293 2600 1340 2666; x_wconf 56' lang='lat' dir='ltr'>in⁴</span> 
     </span>
     <span class='ocr_line' id='line_1_23' title="bbox 248 2699 1339 2785; baseline -0.002 -17"><span class='ocrx_word' id='word_1_172' title='bbox 248 2702 393 2768; x_wconf 88' lang='lat' dir='ltr'>sisterent</span> <span class='ocrx_word' id='word_1_173' title='bbox 427 2699 573 2775; x_wconf 69' lang='lat' dir='ltr'>cudibus,</span> <span class='ocrx_word' id='word_1_174' title='bbox 606 2699 650 2763; x_wconf 91' lang='lat' dir='ltr'>nil</span> <span class='ocrx_word' id='word_1_175' title='bbox 679 2721 757 2785; x_wconf 89' lang='lat' dir='ltr'>opus</span> <span class='ocrx_word' id='word_1_176' title='bbox 793 2700 934 2784; x_wconf 84' lang='lat' dir='ltr'>captivis,</span> <span class='ocrx_word' id='word_1_177' title='bbox 969 2701 1066 2765; x_wconf 88' lang='lat' dir='ltr'>solam</span> <span class='ocrx_word' id='word_1_178' title='bbox 1098 2701 1339 2767; x_wconf 90' lang='lat' dir='ltr'>internecionem</span> 
     </span>
     <span class='ocr_line' id='line_1_24' title="bbox 247 2798 1339 2888; baseline 0.002 -22"><span class='ocrx_word' id='word_1_179' title='bbox 247 2802 352 2888; x_wconf 90' lang='lat' dir='ltr'>gentis</span> <span class='ocrx_word' id='word_1_180' title='bbox 374 2799 467 2867; x_wconf 86' lang='lat' dir='ltr'>finem</span> <span class='ocrx_word' id='word_1_181' title='bbox 481 2799 562 2866; x_wconf 86' lang='lat' dir='ltr'>bello</span> <span class='ocrx_word' id='word_1_182' title='bbox 584 2798 680 2863; x_wconf 80' lang='lat' dir='ltr'>fore.”</span> <span class='ocrx_word' id='word_1_183' title='bbox 724 2798 862 2883; x_wconf 86' lang='lat' dir='ltr'>Jamque</span> <span class='ocrx_word' id='word_1_184' title='bbox 879 2822 947 2864; x_wconf 88' lang='lat' dir='ltr'>sero</span> <span class='ocrx_word' id='word_1_185' title='bbox 969 2799 1031 2865; x_wconf 88' lang='lat' dir='ltr'>diei</span> <span class='ocrx_word' id='word_1_186' title='bbox 1049 2800 1195 2866; x_wconf 88' lang='lat' dir='ltr'>subducit</span> <span class='ocrx_word' id='word_1_187' title='bbox 1213 2823 1254 2865; x_wconf 85' lang='lat' dir='ltr'>ex</span> <span class='ocrx_word' id='word_1_188' title='bbox 1272 2803 1339 2868; x_wconf 88' lang='lat' dir='ltr'>acie</span> 
     </span>
     <span class='ocr_line' id='line_1_25' title="bbox 248 2897 1339 2987; baseline 0.001 -21"><span class='ocrx_word' id='word_1_189' title='bbox 248 2902 411 2987; x_wconf 88' lang='lat' dir='ltr'>legionem,</span> <span class='ocrx_word' id='word_1_190' title='bbox 437 2897 586 2965; x_wconf 84' lang='lat' dir='ltr'>faciendis</span> <span class='ocrx_word' id='word_1_191' title='bbox 615 2899 746 2964; x_wconf 89' lang='lat' dir='ltr'>castris:</span> <span class='ocrx_word' id='word_1_192' title='bbox 776 2909 887 2964; x_wconf 84' lang='lat' dir='ltr'>ceterae</span> <span class='ocrx_word' id='word_1_193' title='bbox 911 2898 953 2964; x_wconf 86' lang='lat' dir='ltr'>ad</span> <span class='ocrx_word' id='word_1_194' title='bbox 982 2909 1106 2965; x_wconf 91' lang='lat' dir='ltr'>noctem</span> <span class='ocrx_word' id='word_1_195' title='bbox 1133 2923 1241 2967; x_wconf 88' lang='lat' dir='ltr'>cruore</span> <span class='ocrx_word' id='word_1_196' title='bbox 1267 2902 1339 2968; x_wconf 89' lang='lat' dir='ltr'>bos-</span> 
     </span>
     <span class='ocr_line' id='line_1_26' title="bbox 248 2998 1056 3086; baseline -0.002 -19"><span class='ocrx_word' id='word_1_197' title='bbox 248 3002 328 3067; x_wconf 89' lang='lat' dir='ltr'>tium</span> <span class='ocrx_word' id='word_1_198' title='bbox 342 3001 463 3066; x_wconf 79' lang='lat' dir='ltr'>satiata</span> <span class='ocrx_word' id='word_1_199' title='bbox 478 3007 568 3065; x_wconf 91' lang='lat' dir='ltr'>sunt:</span> <span class='ocrx_word' id='word_1_200' title='bbox 593 2998 713 3083; x_wconf 87' lang='lat' dir='ltr'>equites</span> <span class='ocrx_word' id='word_1_201' title='bbox 728 2999 873 3086; x_wconf 89' lang='lat' dir='ltr'>ambigue</span> <span class='ocrx_word' id='word_1_202' title='bbox 887 3009 1056 3065; x_wconf 85' lang='lat' dir='ltr'>certavere.</span> 
     </span>
    </p>

    <p class='ocr_par' dir='ltr' id='par_1_5' title="bbox 246 3099 1341 3886">
     <span class='ocr_line' id='line_1_27' title="bbox 292 3099 1339 3184; baseline 0.003 -19"><span class='ocrx_word' id='word_1_203' title='bbox 292 3100 417 3166; x_wconf 88' lang='lat' dir='ltr'>XXII.</span> <span class='ocrx_word' id='word_1_204' title='bbox 455 3099 608 3165; x_wconf 81' lang='lat' dir='ltr'>Laudatis</span> <span class='ocrx_word' id='word_1_205' title='bbox 645 3122 701 3184; x_wconf 90' lang='lat' dir='ltr'>pro</span> <span class='ocrx_word' id='word_1_206' title='bbox 734 3099 881 3165; x_wconf 88' lang='lat' dir='ltr'>concione</span> <span class='ocrx_word' id='word_1_207' title='bbox 910 3100 1089 3178; x_wconf 82' lang='lat' dir='ltr'>victoribus,</span> <span class='ocrx_word' id='word_1_208' title='bbox 1122 3101 1227 3168; x_wconf 77' lang='lat' dir='ltr'>(laesas</span> <span class='ocrx_word' id='word_1_209' title='bbox 1265 3124 1339 3168; x_wconf 90' lang='lat' dir='ltr'>con·</span> 
     </span>
     <span class='ocr_line' id='line_1_28' title="bbox 246 3199 1340 3288; baseline 0.003 -23"><span class='ocrx_word' id='word_1_210' title='bbox 246 3201 363 3288; x_wconf 90' lang='lat' dir='ltr'>geriem</span> <span class='ocrx_word' id='word_1_211' title='bbox 394 3222 552 3266; x_wconf 89' lang='lat' dir='ltr'>armorum</span> <span class='ocrx_word' id='word_1_212' title='bbox 582 3199 711 3277; x_wconf 85' lang='lat' dir='ltr'>struxit,</span> <span class='ocrx_word' id='word_1_213' title='bbox 744 3201 876 3285; x_wconf 91' lang='lat' dir='ltr'>superbo</span> <span class='ocrx_word' id='word_1_214' title='bbox 911 3223 981 3265; x_wconf 88' lang='lat' dir='ltr'>cum</span> <span class='ocrx_word' id='word_1_215' title='bbox 1013 3201 1125 3266; x_wconf 89' lang='lat' dir='ltr'>titulo:</span> <span class='ocrx_word' id='word_1_216' title='bbox 1156 3225 1340 3268; x_wconf 76' lang='lat' dir='ltr'>nnnnnnrrrs</span> 
     </span>
     <span class='ocr_line' id='line_1_29' title="bbox 248 3323 1341 3370; baseline 0.003 -4"><span class='ocrx_word' id='word_1_217' title='bbox 248 3325 341 3366; x_wconf 81' lang='lat' dir='ltr'>rursu</span> <span class='ocrx_word' id='word_1_218' title='bbox 362 3323 495 3366; x_wconf 72' lang='lat' dir='ltr'>annuns</span> <span class='ocrx_word' id='word_1_219' title='bbox 512 3323 670 3370; x_wconf 77' lang='lat' dir='ltr'>rnnrnoon</span> <span class='ocrx_word' id='word_1_220' title='bbox 684 3323 869 3365; x_wconf 78' lang='lat' dir='ltr'>urriomnus</span> <span class='ocrx_word' id='word_1_221' title='bbox 890 3324 1066 3365; x_wconf 81' lang='lat' dir='ltr'>nxnucrruu</span> <span class='ocrx_word' id='word_1_222' title='bbox 1081 3326 1194 3367; x_wconf 83' lang='lat' dir='ltr'>rrnnuu</span> <span class='ocrx_word' id='word_1_223' title='bbox 1210 3326 1341 3370; x_wconf 71' lang='lat' dir='ltr'>casurus</span> 
     </span>
     <span class='ocr_line' id='line_1_30' title="bbox 248 3403 1338 3470; baseline 0.003 -4"><span class='ocrx_word' id='word_1_224' title='bbox 248 3426 286 3466; x_wconf 77' lang='lat' dir='ltr'>nr</span> <span class='ocrx_word' id='word_1_225' title='bbox 314 3424 501 3467; x_wconf 73' lang='lat' dir='ltr'>usurarum</span> <span class='ocrx_word' id='word_1_226' title='bbox 529 3423 628 3464; x_wconf 79' lang='lat' dir='ltr'>urrrr</span> <span class='ocrx_word' id='word_1_227' title='bbox 655 3423 692 3463; x_wconf 80' lang='lat' dir='ltr'>nr</span> <span class='ocrx_word' id='word_1_228' title='bbox 712 3422 779 3464; x_wconf 79' lang='lat' dir='ltr'>rovr</span> <span class='ocrx_word' id='word_1_229' title='bbox 801 3423 838 3465; x_wconf 77' lang='lat' dir='ltr'>nr</span> <span class='ocrx_word' id='word_1_230' title='bbox 861 3425 998 3466; x_wconf 79' lang='lat' dir='ltr'>rnousro</span> <span class='ocrx_word' id='word_1_231' title='bbox 1020 3426 1217 3468; x_wconf 77' lang='lat' dir='ltr'>srcmvrmn:</span> <span class='ocrx_word' id='word_1_232' title='bbox 1243 3403 1282 3468; x_wconf 88' lang='lat' dir='ltr'>de</span> <span class='ocrx_word' id='word_1_233' title='bbox 1305 3427 1338 3470; x_wconf 87' lang='lat' dir='ltr'>sc</span> 
     </span>
     <span class='ocr_line' id='line_1_31' title="bbox 247 3499 1339 3581; baseline 0.002 -15"><span class='ocrx_word' id='word_1_234' title='bbox 247 3502 324 3567; x_wconf 91' lang='lat' dir='ltr'>nihil</span> <span class='ocrx_word' id='word_1_235' title='bbox 344 3500 478 3581; x_wconf 88' lang='lat' dir='ltr'>addidit,</span> <span class='ocrx_word' id='word_1_236' title='bbox 496 3508 583 3565; x_wconf 89' lang='lat' dir='ltr'>metu</span> <span class='ocrx_word' id='word_1_237' title='bbox 604 3499 738 3578; x_wconf 76' lang='lat' dir='ltr'>invidia,</span> <span class='ocrx_word' id='word_1_238' title='bbox 753 3522 794 3565; x_wconf 84' lang='lat' dir='ltr'>an</span> <span class='ocrx_word' id='word_1_239' title='bbox 817 3509 904 3567; x_wconf 89' lang='lat' dir='ltr'>ratus</span> <span class='ocrx_word' id='word_1_240' title='bbox 918 3501 1137 3567; x_wconf 90' lang='lat' dir='ltr'>conscientiam</span> <span class='ocrx_word' id='word_1_241' title='bbox 1154 3504 1246 3569; x_wconf 80' lang='lat' dir='ltr'>l&#39;cctis</span> <span class='ocrx_word' id='word_1_242' title='bbox 1263 3504 1339 3569; x_wconf 92' lang='lat' dir='ltr'>satis</span> 
     </span>
     <span class='ocr_line' id='line_1_32' title="bbox 247 3599 1338 3686; baseline 0 -18"><span class='ocrx_word' id='word_1_243' title='bbox 247 3625 325 3668; x_wconf 87' lang='lat' dir='ltr'>esse.</span> <span class='ocrx_word' id='word_1_244' title='bbox 382 3602 464 3667; x_wconf 80' lang='lat' dir='ltr'>Mox</span> <span class='ocrx_word' id='word_1_245' title='bbox 492 3600 607 3666; x_wconf 89' lang='lat' dir='ltr'>bellum</span> <span class='ocrx_word' id='word_1_246' title='bbox 639 3599 672 3664; x_wconf 91' lang='lat' dir='ltr'>in</span> <span class='ocrx_word' id='word_1_247' title='bbox 704 3599 908 3686; x_wconf 83' lang='lat' dir='ltr'>Angrivarios</span> <span class='ocrx_word' id='word_1_248' title='bbox 947 3601 1098 3667; x_wconf 89' lang='lat' dir='ltr'>Stertinio</span> <span class='ocrx_word' id='word_1_249' title='bbox 1135 3604 1275 3681; x_wconf 90' lang='lat' dir='ltr'>mandat,</span> <span class='ocrx_word' id='word_1_250' title='bbox 1305 3604 1338 3668; x_wconf 92' lang='lat' dir='ltr'>ni</span> 
     </span>
     <span class='ocr_line' id='line_1_33' title="bbox 247 3700 1336 3789; baseline 0.001 -22"><span class='ocrx_word' id='word_1_251' title='bbox 247 3703 438 3768; x_wconf 90' lang='lat' dir='ltr'>deditionem</span> <span class='ocrx_word' id='word_1_252' title='bbox 472 3700 738 3787; x_wconf 88' lang='lat' dir='ltr'>properavissent:</span> <span class='ocrx_word' id='word_1_253' title='bbox 786 3709 880 3785; x_wconf 87' lang='lat' dir='ltr'>atque</span> <span class='ocrx_word' id='word_1_254' title='bbox 910 3701 955 3766; x_wconf 91' lang='lat' dir='ltr'>illi</span> <span class='ocrx_word' id='word_1_255' title='bbox 986 3703 1149 3789; x_wconf 90' lang='lat' dir='ltr'>supplices,</span> <span class='ocrx_word' id='word_1_256' title='bbox 1177 3704 1252 3769; x_wconf 90' lang='lat' dir='ltr'>nihil</span> <span class='ocrx_word' id='word_1_257' title='bbox 1283 3704 1336 3768; x_wconf 90' lang='lat' dir='ltr'>ab·</span> 
     </span>
     <span class='ocr_line' id='line_1_34' title="bbox 246 3801 846 3886; baseline -0.007 -17"><span class='ocrx_word' id='word_1_258' title='bbox 246 3802 381 3880; x_wconf 86' lang='lat' dir='ltr'>nuendo,</span> <span class='ocrx_word' id='word_1_259' title='bbox 397 3802 520 3868; x_wconf 88' lang='lat' dir='ltr'>veniam</span> <span class='ocrx_word' id='word_1_260' title='bbox 537 3801 675 3866; x_wconf 90' lang='lat' dir='ltr'>omnium</span> <span class='ocrx_word' id='word_1_261' title='bbox 689 3823 846 3886; x_wconf 88' lang='lat' dir='ltr'>accepere.</span> 
     </span>
    </p>

    <p class='ocr_par' dir='ltr' id='par_1_6' title="bbox 243 3898 1339 4494">
     <span class='ocr_line' id='line_1_35' title="bbox 298 3898 1337 3989; baseline 0.002 -21"><span class='ocrx_word' id='word_1_262' title='bbox 298 3903 443 3969; x_wconf 90' lang='lat' dir='ltr'>XXIII.</span> <span class='ocrx_word' id='word_1_263' title='bbox 467 3901 531 3967; x_wconf 89' lang='lat' dir='ltr'>Sed</span> <span class='ocrx_word' id='word_1_264' title='bbox 560 3909 671 3966; x_wconf 71' lang='lat' dir='ltr'>aestate</span> <span class='ocrx_word' id='word_1_265' title='bbox 698 3898 768 3986; x_wconf 85' lang='lat' dir='ltr'>jam</span> <span class='ocrx_word' id='word_1_266' title='bbox 799 3900 919 3978; x_wconf 90' lang='lat' dir='ltr'>adulta,</span> <span class='ocrx_word' id='word_1_267' title='bbox 944 3902 1102 3989; x_wconf 92' lang='lat' dir='ltr'>legionum</span> <span class='ocrx_word' id='word_1_268' title='bbox 1131 3904 1200 3969; x_wconf 77' lang='lat' dir='ltr'>aliu</span> <span class='ocrx_word' id='word_1_269' title='bbox 1227 3903 1337 3970; x_wconf 91' lang='lat' dir='ltr'>itinere</span> 
     </span>
     <span class='ocr_line' id='line_1_36' title="bbox 247 4000 1339 4091; baseline -0.002 -21"><span class='ocrx_word' id='word_1_270' title='bbox 247 4003 386 4070; x_wconf 90' lang='lat' dir='ltr'>terrestri</span> <span class='ocrx_word' id='word_1_271' title='bbox 410 4002 443 4069; x_wconf 91' lang='lat' dir='ltr'>in</span> <span class='ocrx_word' id='word_1_272' title='bbox 469 4000 671 4068; x_wconf 90' lang='lat' dir='ltr'>hibernacula</span> <span class='ocrx_word' id='word_1_273' title='bbox 690 4000 844 4066; x_wconf 76' lang='lat' dir='ltr'>remisse:</span> <span class='ocrx_word' id='word_1_274' title='bbox 873 4002 976 4087; x_wconf 92' lang='lat' dir='ltr'>plures</span> <span class='ocrx_word' id='word_1_275' title='bbox 1000 4002 1104 4069; x_wconf 70' lang='lat' dir='ltr'>(iasar</span> <span class='ocrx_word' id='word_1_276' title='bbox 1127 4005 1217 4070; x_wconf 84' lang='lat' dir='ltr'>classi</span> <span class='ocrx_word' id='word_1_277' title='bbox 1239 4004 1339 4091; x_wconf 88' lang='lat' dir='ltr'>impo-</span> 
     </span>
     <span class='ocr_line' id='line_1_37' title="bbox 246 4099 1339 4191; baseline -0.001 -20"><span class='ocrx_word' id='word_1_278' title='bbox 246 4106 324 4171; x_wconf 89' lang='lat' dir='ltr'>sitas</span> <span class='ocrx_word' id='word_1_279' title='bbox 345 4126 401 4190; x_wconf 91' lang='lat' dir='ltr'>per</span> <span class='ocrx_word' id='word_1_280' title='bbox 423 4100 539 4168; x_wconf 85' lang='lat' dir='ltr'>flumen</span> <span class='ocrx_word' id='word_1_281' title='bbox 561 4101 718 4167; x_wconf 86' lang='lat' dir='ltr'>Amisiam</span> <span class='ocrx_word' id='word_1_282' title='bbox 740 4099 866 4165; x_wconf 88' lang='lat' dir='ltr'>Oceano</span> <span class='ocrx_word' id='word_1_283' title='bbox 888 4101 1020 4168; x_wconf 73' lang='lat' dir='ltr'>iuverit.</span> <span class='ocrx_word' id='word_1_284' title='bbox 1071 4103 1122 4169; x_wconf 88' lang='lat' dir='ltr'>Ac</span> <span class='ocrx_word' id='word_1_285' title='bbox 1145 4105 1245 4190; x_wconf 91' lang='lat' dir='ltr'>primo</span> <span class='ocrx_word' id='word_1_286' title='bbox 1270 4105 1339 4191; x_wconf 86' lang='lat' dir='ltr'>pla-</span> 
     </span>
     <span class='ocr_line' id='line_1_38' title="bbox 244 4201 1338 4291; baseline -0.001 -20"><span class='ocrx_word' id='word_1_287' title='bbox 244 4206 349 4272; x_wconf 91' lang='lat' dir='ltr'>cidum</span> <span class='ocrx_word' id='word_1_288' title='bbox 371 4225 477 4288; x_wconf 88' lang='lat' dir='ltr'>aeqnor</span> <span class='ocrx_word' id='word_1_289' title='bbox 490 4201 574 4267; x_wconf 91' lang='lat' dir='ltr'>mille</span> <span class='ocrx_word' id='word_1_290' title='bbox 596 4201 723 4267; x_wconf 81' lang='lat' dir='ltr'>navium</span> <span class='ocrx_word' id='word_1_291' title='bbox 746 4202 839 4266; x_wconf 89' lang='lat' dir='ltr'>remis</span> <span class='ocrx_word' id='word_1_292' title='bbox 860 4209 1007 4289; x_wconf 90' lang='lat' dir='ltr'>strepere,</span> <span class='ocrx_word' id='word_1_293' title='bbox 1022 4213 1078 4268; x_wconf 89' lang='lat' dir='ltr'>aut</span> <span class='ocrx_word' id='word_1_294' title='bbox 1101 4205 1177 4271; x_wconf 85' lang='lat' dir='ltr'>velis</span> <span class='ocrx_word' id='word_1_295' title='bbox 1199 4205 1338 4291; x_wconf 90' lang='lat' dir='ltr'>impelli:</span> 
     </span>
     <span class='ocr_line' id='line_1_39' title="bbox 244 4300 1338 4391; baseline 0 -19"><span class='ocrx_word' id='word_1_296' title='bbox 244 4329 321 4372; x_wconf 81' lang='lat' dir='ltr'>mox</span> <span class='ocrx_word' id='word_1_297' title='bbox 339 4312 408 4370; x_wconf 89' lang='lat' dir='ltr'>atro</span> <span class='ocrx_word' id='word_1_298' title='bbox 428 4303 558 4369; x_wconf 91' lang='lat' dir='ltr'>nubium</span> <span class='ocrx_word' id='word_1_299' title='bbox 576 4301 669 4387; x_wconf 88' lang='lat' dir='ltr'>globo</span> <span class='ocrx_word' id='word_1_300' title='bbox 684 4300 782 4367; x_wconf 87' lang='lat' dir='ltr'>effusa</span> <span class='ocrx_word' id='word_1_301' title='bbox 804 4302 947 4386; x_wconf 86' lang='lat' dir='ltr'>grando:</span> <span class='ocrx_word' id='word_1_302' title='bbox 969 4302 1061 4369; x_wconf 92' lang='lat' dir='ltr'>simul</span> <span class='ocrx_word' id='word_1_303' title='bbox 1084 4304 1179 4370; x_wconf 84' lang='lat' dir='ltr'>variis</span> <span class='ocrx_word' id='word_1_304' title='bbox 1200 4306 1338 4391; x_wconf 88' lang='lat' dir='ltr'>undique</span> 
     </span>
     <span class='ocr_line' id='line_1_40' title="bbox 243 4400 1338 4494; baseline -0.001 -21"><span class='ocrx_word' id='word_1_305' title='bbox 243 4406 394 4494; x_wconf 89' lang='lat' dir='ltr'>procellis,</span> <span class='ocrx_word' id='word_1_306' title='bbox 417 4404 527 4470; x_wconf 88' lang='lat' dir='ltr'>incerti</span> <span class='ocrx_word' id='word_1_307' title='bbox 544 4400 659 4468; x_wconf 87' lang='lat' dir='ltr'>flnctus</span> <span class='ocrx_word' id='word_1_308' title='bbox 681 4410 881 4488; x_wconf 88' lang='lat' dir='ltr'>prospectum</span> <span class='ocrx_word' id='word_1_309' title='bbox 899 4403 1047 4483; x_wconf 89' lang='lat' dir='ltr'>adimere,</span> <span class='ocrx_word' id='word_1_310' title='bbox 1073 4404 1213 4491; x_wconf 90' lang='lat' dir='ltr'>regimen</span> <span class='ocrx_word' id='word_1_311' title='bbox 1241 4408 1338 4492; x_wconf 85' lang='lat' dir='ltr'>impe·</span> 
     </span>
    </p>
   </div>
   <div class='ocr_carea' id='block_1_4' title="bbox 0 0 1628 5078">
    <p class='ocr_par' dir='ltr' id='par_1_7' title="bbox 0 0 1628 5078">
     <span class='ocr_line' id='line_1_41' title="bbox 0 0 1628 5078; baseline 0 2"><span class='ocrx_word' id='word_1_312' title='bbox 0 0 1628 5078; x_wconf 95' lang='lat' dir='ltr'> </span> 
     </span>
    </p>
   </div>
  </div>
 </body>
</html>
