3232 5100
315 459 365 505 xx
587 447 664 504 'ran
687 445 869 511 GERMANY
894 444 942 501 ΟΡ
966 444 1134 502 TACl'l'US.

318 606 402 673 unde
437 606 609 693 digressum
646 606 786 684 fecimus,
823 608 996 687 redeamus,
1027 609 1254 693 doceamusque
1288 606 1415 692 quando

320 708 396 773 ordo
411 707 523 793 gentis,
538 707 621 772 unde
635 708 766 794 agImus,
782 730 889 775 cursus
903 708 951 774 sui
966 718 1083 774 metam
1098 707 1280 795 expleverit.
1314 707 1415 771 Abla·

322 809 391 874 vius
415 808 497 872 enim
518 808 683 873 historicus
705 807 810 889 refert,
826 809 899 893 quia
918 809 961 875 ibi
982 832 1074 895 super
1089 810 1221 875 limbum
1236 806 1342 883 Ponti,
1359 806 1417 872 ubi

324 931 377 973 eos
401 907 537 973 diximus
562 908 594 972 in
620 907 752 994 Scythia
774 931 980 986 commanere,
1003 932 1075 996 pars
1101 932 1217 986 eorum,
1235 908 1289 993 qui
1313 907 1416 972 orienss

325 1008 419 1073 talem
443 1007 566 1094 plagam
586 1009 746 1083 tenebant,
764 1008 867 1094 eisque
891 1019 1022 1094 praeerat
1038 1009 1231 1096 Ostrogotha
1246 1008 1417 1092 (incertum

326 1116 431 1173 utrum
454 1109 495 1173 ab
508 1109 604 1194 ipsius
617 1108 752 1185 nominc,
767 1132 808 1174 an
823 1132 843 1173 a
857 1110 924 1174 loco
939 1110 1097 1195 orientali)
1116 1110 1194 1175 dicti
1211 1115 1284 1175 sunt
1308 1108 1419 1173 Ostro-

326 1209 443 1295 gothae,
459 1209 574 1274 residui
589 1232 662 1276 voro
682 1210 883 1296 Wesegothae
897 1210 928 1274 in
944 1217 1034 1296 parte
1047 1210 1187 1275 occidua.
1232 1207 1277 1273 Et
1292 1208 1419 1292 quidem

321 1308 389 1395 jam
405 1310 549 1385 diximus,
565 1332 618 1375 eos
631 1308 763 1375 transito
778 1310 924 1374 Danubio
947 1309 1141 1394 aliquantum
1163 1308 1313 1395 temporis
1333 1308 1419 1394 apud

331 1410 484 1487 Moesiam,
501 1410 730 1494 Thraciamque
744 1409 867 1475 vixisse.

519 1504 541 1545 ιι
693 1503 716 1544 ιι
868 1504 890 1545 ιι
1043 1504 1065 1546 ιι
1218 1504 1240 1545 ιι

374 1609 427 1674 Ab
451 1609 525 1674 hinc
550 1632 632 1695 ergo,
648 1616 684 1674 nt
708 1608 896 1687 dicebamus,
914 1618 985 1696 post
1006 1611 1131 1696 longam
1153 1607 1345 1674 obsidionem
1366 1630 1420 1672 ac-

229 1790 237 1804 .
330 1718 421 1795 cepto
435 1709 562 1795 praemio
577 1709 696 1774 ditatus
710 1708 803 1787 Geta,
818 1710 944 1776 recessit
958 1709 1000 1774 ad
1017 1711 1161 1796 patriam.
1206 1710 1306 1791 Quem
1325 1708 1424 1794 Gepi-

331 1810 441 1875 darnm
476 1831 604 1874 cernens
636 1808 722 1874 natio
758 1807 861 1874 subito
889 1810 1003 1894 ubique
1031 1810 1216 1889 vincentem,
1248 1808 1424 1895 praedisque

330 1910 476 1985 ditatum,
491 1908 609 1974 invidia
623 1908 745 1987 ductus,
760 1931 848 1974 arma
869 1911 902 1974 in
925 1916 1069 1996 parentes
1091 1919 1207 1975 movet.
1259 1908 1424 1991 Quomodo

330 2032 404 2075 vero
430 2009 519 2073 Getas
545 2007 734 2094 Gepidaeque
756 2008 819 2074 sint
842 2018 985 2096 parentes
1007 2010 1033 2076 si
1055 2012 1178 2093 quaeris,
1197 2010 1305 2095 paucis
1320 2008 1424 2073 absm-

331 2132 413 2174 ram.
467 2109 647 2175 Meminisse
664 2109 767 2187 debes,
784 2132 835 2174 mc
850 2110 938 2175 initio
953 2110 993 2175 de
1018 2110 1155 2175 Scanziae
1176 2110 1284 2176 insulse
1304 2109 1425 2195 gremio

333 2209 454 2275 Gothos
478 2210 592 2275 dixisse
618 2231 755 2296 egressos
778 2231 849 2274 cum
872 2210 985 2275 Berich
1008 2233 1065 2276 suo
1085 2233 1166 2296 rego,
1183 2210 1283 2275 tribus
1296 2216 1424 2274 tantum

332 2309 464 2376 navibus
477 2317 583 2376 vectos
596 2309 638 2374 ad
653 2309 804 2375 citerioris
818 2310 936 2375 Oceani
950 2310 1049 2397 ripam
1063 2336 1072 2386 ;
1096 2333 1224 2395 quarum
1246 2310 1341 2374 trium
1358 2332 1425 2374 nna

331 2410 431 2489 navis,
457 2418 493 2475 ut
516 2411 638 2488 assolet,
662 2410 781 2475 tardius
804 2418 903 2489 vecta,
926 2433 1038 2475 nomen
1061 2412 1148 2496 genti
1163 2410 1261 2475 fertur
1275 2409 1421 2485 dedisse;

332 2533 406 2577 nam
429 2510 535 2597 lingna
560 2533 667 2576 eorum
687 2510 777 2597 pigra
803 2512 942 2597 Gepcato
958 2510 1081 2575 dieitur.
1127 2510 1213 2576 Hinc
1227 2510 1346 2575 factum
1363 2517 1422 2588 est,

334 2620 370 2677 ut
400 2611 562 2697 paullatim
586 2619 618 2676 et
646 2618 790 2695 corrupte
817 2633 929 2676 nomen
955 2611 1000 2677 eis
1018 2633 1059 2676 ex
1077 2610 1213 2677 convitio
1232 2617 1422 2676 nasceretur.

334 2711 463 2797 Gepida
477 2733 611 2796 namque
625 2709 690 2776 sinc
705 2710 800 2775 dubio
813 2733 853 2775 ex
869 2709 1043 2776 Gothorum
1058 2711 1201 2797 prosapia
1223 2710 1341 2775 ducunt
1362 2710 1424 2774 ori·

332 2813 455 2899 ginem:
480 2812 535 2878 sed
550 2811 631 2896 quia,
647 2818 683 2875 ιιι
698 2810 774 2887 dixi,
789 2810 934 2896 Gepanta
954 2812 1077 2897 pigrum
1098 2810 1215 2895 aliquid
1237 2811 1424 2893 tardumque

332 2913 445 2998 signat,
469 2934 525 2996 pro
548 2910 685 2997 gratuito
706 2910 840 2975 convitio
865 2910 1056 2996 Gepidarum
1077 2934 1187 2976 nomeu
1204 2920 1348 2976 exortum
1364 2919 1425 2985 est,

334 3011 416 3096 quod
442 3033 498 3076 nec
521 3010 644 3097 ipsum,
683 3010 775 3075 oredo
801 3011 1010 3080 falsissimum.
1062 3011 1144 3076 Sunt
1169 3012 1251 3077 enim
1278 3011 1426 3076 tardioris

334 3111 457 3196 ingenii,
472 3112 628 3197 graviores
640 3133 803 3196 corporum
817 3111 994 3204 velocitate.
1038 3111 1084 3176 Hi
1099 3134 1173 3197 ergo
1196 3110 1325 3197 Gepida
1346 3110 1425 3175 tacti

334 3210 460 3291 invidia,
492 3211 611 3276 dudum
642 3219 748 3296 spreta
777 3211 945 3296 provincia,
979 3212 1216 3277 commanebant
1253 3212 1285 3276 in
1322 3210 1425 3277 insula

336 3311 451 3377 Visclae
478 3313 579 3376 amnis
603 3310 691 3376 vadis
717 3311 914 3390 circumacta,
944 3334 1038 3395 quam
1056 3334 1120 3397 pro
1152 3312 1253 3397 patrio
1285 3333 1426 3377 sermone

334 3412 480 3477 dicebant
495 3410 644 3497 Gepidos,
688 3410 780 3476 Nunc
801 3420 933 3488 camut
953 3412 1064 3488 femur,
1086 3413 1219 3477 insulam
1242 3434 1321 3499 gens
1334 3410 1427 3477 vivi-

334 3512 423 3577 daria
444 3510 560 3588 incolit,
583 3510 657 3596 ipsis
678 3510 719 3575 ad
741 3511 882 3576 meliores
903 3519 1002 3577 terras
1026 3511 1211 3578 meantibus.
1256 3513 1318 3595 Qui
1336 3511 1426 3577 Vivi-

335 3612 415 3678 darii
430 3633 470 3678 ex
488 3611 617 3677 diversis
630 3611 808 3677 nationibus
821 3612 884 3677 acsi
900 3611 931 3676 in
946 3633 1043 3677 unum
1057 3612 1179 3698 asylum
1199 3612 1320 3679 collecti
1341 3621 1425 3687 sunt,

335 3721 367 3777 et
379 3720 506 3799 gentem
520 3709 628 3778 fecisse
642 3720 822 3777 noscuntur.

518 3806 540 3847 ιι
694 3806 716 3847 ιι
870 3807 892 3848 ιι
1045 3807 1066 3849 ιι
1219 3807 1241 3848 ιι

277 3998 281 4006 ¹
378 3913 553 3978 Gothorum
583 3934 655 3997 rege
680 3911 835 3978 Geberich
862 3912 953 3978 rebus
981 3912 1151 3977 excedente
1176 3911 1332 3987 humanis,
1355 3924 1426 3998 post

233 4006 239 4021 ⁸
336 4008 483 4099 temporis
513 4011 637 4098 aliquod
671 4011 895 4078 Hermauricus
925 4011 1133 4078 nobilissimus
1164 4013 1359 4090 umerorum,
1394 4014 1426 4078 in

335 4136 431 4199 regno
452 4114 619 4179 successit:
643 4112 696 4197 qui
713 4112 828 4177 multae
848 4120 881 4177 ct
904 4112 1150 4179 bellicosissimas
1172 4122 1295 4178 metuas
1318 4123 1429 4199 gentas

337 4214 522 4301 perdomuit,
539 4212 662 4297 suisque
677 4236 784 4298 parere
809 4212 928 4298 legibus
952 4212 1036 4277 fecit.
1088 4214 1188 4295 Quem
1213 4214 1325 4277 merito
1350 4236 1428 4277 nou-

336 4314 411 4380 nulli
424 4314 607 4379 Alexandro
624 4312 743 4399 Magno
757 4335 971 4398 comparavere
986 4310 1127 4398 majores.
1173 4311 1323 4379 Habebat
1335 4313 1430 4398 siqui·

337 4416 408 4480 dem
436 4437 514 4500 quos
540 4414 713 4491 domuerat,
742 4412 876 4491 Gothus,
907 4412 1052 4498 Scythas,
1084 4412 1234 4490 Thaidos,
1265 4411 1428 4487 Inaunxis,
1481 4430 1487 4437 '
