3232 5100
611 462 891 520 nrrssoousnr.
1226 441 1287 510 xiii

204 624 286 688 inter
307 647 360 689 eos
381 625 519 710 generosi
541 623 710 698 extabant;
735 646 774 688 ex
796 623 907 707 quibus
928 621 972 686 eis
986 628 1019 685 et
1034 642 1129 706 reges,
1145 628 1178 684 et
1192 641 1290 684 sacer·

207 723 296 789 dotes
313 725 543 790 ordinabantur.
578 724 670 788 Adeo
685 746 757 810 ergo
771 723 856 787 fuere
871 721 988 787 laudati
1004 720 1103 797 Geta,
1121 728 1157 785 ut
1174 718 1292 784 dudum

209 823 356 902 Martem,
375 848 466 909 quem
481 834 642 910 poetarum
658 822 780 888 fallacia
794 822 887 888 deum
908 821 981 887 belli
1001 821 1194 907 pronunciat,
1209 818 1294 904 apud

207 945 259 989 eos
276 924 367 990 fuisse
383 925 488 990 dicant
502 934 656 989 exortum.
702 922 796 988 Unde
811 932 843 988 et
859 921 1020 1008 Virgilius,

370 1091 589 1162 “Gradivumque
601 1100 708 1162 patrem,
721 1089 821 1143 Geticis
833 1089 876 1159 qui
889 1087 1008 1160 presidet
1020 1086 1115 1139 arvis.’'

209 1237 309 1318 Quem
338 1236 475 1301 Martem
499 1236 596 1301 Gothi
628 1258 749 1320 semper
777 1233 945 1319 asperrima
971 1233 1132 1317 placavere
1162 1232 1293 1296 cultura.

209 1336 291 1402 Nam
309 1336 442 1401 victima
463 1334 530 1423 ejus
551 1343 666 1400 mortes
682 1334 767 1399 fuere
781 1341 953 1419 captorum,
969 1332 1131 1417 opinantes
1144 1331 1295 1396 bellorum

209 1435 368 1522 praesulem
383 1437 487 1522 aptius
500 1436 627 1501 humani
642 1434 799 1520 sanguinis
813 1433 959 1498 effusione
971 1432 1166 1517 placandum.
1210 1430 1297 1497 Huic

210 1537 322 1622 prada
336 1536 505 1622 primordia
519 1536 721 1613 vovebantur,
738 1534 809 1599 hnic
825 1532 942 1598 truncis
956 1531 1222 1617 suspendebantur
1243 1555 1296 1597 ex·

210 1636 311 1700 uviae:
335 1644 462 1721 eratque
483 1636 544 1701 illis
565 1635 721 1721 religionis
741 1643 855 1720 praeter
879 1641 1005 1698 caeteros
1028 1631 1201 1697 insinuatus
1222 1631 1297 1697 affe·
1392 1652 1396 1659 ’

210 1744 291 1812 ctus,
307 1759 400 1820 quum
416 1735 536 1822 parenti
553 1735 676 1800 devocio
691 1734 823 1800 nominis
836 1733 994 1798 videretur
1008 1731 1156 1817 impendi.
1189 1731 1297 1798 Tertia

210 1858 284 1900 vero
309 1836 398 1901 sedes
423 1858 516 1922 supra
534 1858 619 1900 mare
645 1834 821 1899 Ponticum.
867 1832 943 1898 Jam
964 1833 1169 1910 humaniores,
1194 1841 1236 1909 et,
1261 1840 1298 1897 ut

212 1936 352 2021 superius
382 1935 526 2012 diximus,
558 1935 771 2020 prudentiores
804 1933 915 2012 effecti,
948 1932 1037 1999 divisi
1076 1955 1131 2018 per
1165 1932 1298 1999 familias

211 2036 325 2120 populi,
343 2035 544 2121 Wesegotbae
565 2035 690 2100 familiae
707 2034 900 2112 Balthorum‚
925 2032 1121 2118 Ostrogothae
1146 2033 1299 2118 preclaris

215 2135 338 2201 Amalis
359 2135 544 2201 serviebant.
587 2136 726 2217 Quorum
741 2134 878 2199 studium
893 2133 953 2197 fnit
968 2133 1111 2217 primum,
1128 2133 1208 2197 inter
1222 2134 1298 2198 alias

212 2242 321 2320 gentes
342 2235 467 2313 vicinas,
489 2258 579 2301 arcus
593 2235 752 2300 intendere
768 2233 890 2307 nervis;
920 2231 1056 2309 Lucano,
1072 2232 1141 2317 plns
1155 2232 1300 2298 historico

215 2357 308 2419 quam
324 2343 427 2421 poeta,
442 2344 589 2415 testante,

422 2491 635 2561 “Armeniosque
646 2507 719 2544 mous
731 2489 830 2543 Geticis
842 2487 973 2542 intendere
985 2489 1098 2543 nervis.’'

215 2637 303 2700 Ante
327 2657 404 2719 quos
429 2635 525 2699 etiam
551 2642 645 2699 cantu
665 2631 816 2719 majorum
831 2633 916 2698 facta
929 2632 1190 2698 modulationibus
1204 2634 1302 2699 citha·

214 2736 317 2820 risque
347 2735 510 2810 canebant,
543 2734 788 2820 Etbaspamarae,
812 2733 954 2809 Hanalae,
984 2732 1169 2819 Fridigerni‚
1195 2735 1300 2799 Widi-

158 2878 169 2887 ·
216 2836 302 2912 cula,
326 2842 357 2900 et
387 2834 527 2912 aliorum,
555 2857 684 2919 qnorum
713 2835 745 2898 in
775 2834 834 2898 bac
861 2842 954 2918 gente
982 2855 1096 2920 magna
1117 2833 1220 2920 opinio
1241 2844 1300 2914 est,

215 2937 320 3020 quales
334 2935 388 3000 vix
414 2936 524 3000 heroas
544 2933 637 2999 fuisse
654 2933 797 2998 miranda
811 2931 914 3019 jactat
928 2933 1107 3018 antiquitas.
1151 2934 1250 3011 Tunc,
1266 2945 1303 3001 nt

214 3035 322 3113 fertur,
339 3035 476 3102 Vesocss
491 3033 618 3121 Scythis
631 3033 852 3120 lachrymabils
867 3033 925 3098 sibi
939 3035 1043 3119 potius
1056 3034 1162 3099 intulit
1177 3035 1302 3111 bellum,

216 3137 260 3209 eis
285 3135 438 3214 videlicet,
465 3158 541 3220 quos
560 3136 757 3199 Amazonum
778 3134 858 3199 viros
882 3132 982 3217 prisca
1002 3134 1099 3199 tradit
1123 3136 1301 3202 auctoritas.

217 3235 267 3300 De
280 3235 366 3319 queis
380 3235 510 3301 feminas
523 3235 697 3301 bellatrices
713 3242 746 3298 et
762 3233 889 3299 Orosius
904 3234 934 3297 in
950 3233 1049 3319 primo
1065 3233 1218 3299 volumine
1232 3259 1302 3322 pro-

215 3335 296 3400 fessa
311 3358 384 3399 voce
410 3343 554 3401 testatur.
606 3335 701 3399 Unde
729 3356 800 3398 cum
828 3333 941 3398 Gothis
963 3356 1034 3398 eum
1060 3333 1220 3401 dimicasse
1240 3337 1303 3402 evi-

217 3435 328 3499 denter
353 3435 528 3520 probamus,
554 3458 645 3519 quern
673 3457 743 3500 cum
761 3434 957 3498 Amazonum
982 3433 1057 3499 viris
1082 3434 1221 3501 absolute
1246 3460 1303 3521 pu-

218 3557 328 3621 gnasse
342 3535 571 3619 cognoscimus:
591 3536 643 3620 qui
657 3543 731 3599 tunc
745 3557 765 3598 a
780 3533 964 3599 Boristhene
973 3557 1073 3611 amne,
1085 3558 1176 3619 quem
1190 3536 1302 3601 accolae

217 3633 397 3699 Danubium
413 3641 534 3711 vocant,
550 3657 645 3718 usque
661 3634 702 3699 ad
718 3633 837 3699 Tanain
853 3632 991 3715 fluvium,
1005 3635 1087 3699 circa
1101 3635 1202 3700 sinum
1218 3636 1303 3720 palu·

217 3734 265 3800 dis
293 3734 452 3799 Maeotidis
477 3733 687 3799 considebant.
732 3733 852 3800 Tanain
874 3756 947 3798 vero
977 3735 1059 3798 bunc
1085 3734 1163 3811 dico,
1191 3736 1304 3819 quiex

218 3834 348 3920 Ripheis
369 3834 526 3900 montibus
547 3832 685 3919 dejectus
707 3833 785 3899 adeo
802 3857 938 3920 praeccps
953 3835 1024 3911 ruit,
1043 3844 1079 3898 ut
1094 3858 1188 3919 quum
1204 3836 1305 3901 vicina

219 3933 356 4011 flumina,
386 3935 450 4000 sive
484 3933 620 4011 Maeotis,
652 3934 701 3998 vel
735 3933 891 4020 Bosporus
915 3934 986 4020 gelu
1012 3933 1190 4014 solidentur,
1222 3936 1305 4001 solus

218 4035 357 4099 amnium
382 4035 569 4121 confragosis
590 4034 748 4099 montibus
772 4043 948 4120 vaporatus,
972 4057 1129 4118 nunqnam
1156 4033 1303 4121 Scythico

221 4135 356 4199 durescit
378 4135 492 4220 algore.
544 4135 608 4200 Hic
632 4135 713 4199 inter
730 4135 840 4199 Asiam
864 4134 1082 4219 Europamque
1097 4136 1247 4201 terminus
1260 4137 1306 4201 fa-

219 4257 324 4300 mosus
338 4234 489 4299 habetur:
514 4257 586 4300 nam
603 4235 681 4300 alter
698 4244 746 4300 est
763 4234 825 4313 ille,
844 4234 895 4318 qui
919 4235 1075 4299 montibus
1097 4234 1303 4300 chrinnorum

219 4337 332 4406 oriem,
357 4335 388 4399 in
412 4334 559 4419 caspium
582 4358 666 4400 mare
690 4334 846 4400 dilabitur.
900 4334 1063 4400 Danubius
1087 4343 1193 4399 autern
1219 4348 1307 4400 ortus

218 4436 328 4521 grandi
355 4435 477 4520 palude,
504 4435 590 4519 quasi
620 4458 659 4499 ex
688 4435 766 4499 mari
798 4434 1003 4521 profunditur.
1059 4434 1122 4499 Hic
1148 4435 1308 4518 usquead
