3202 5076
621 449 913 507 rnonscousus.
1266 436 1316 507 lxi

263 613 448 680 XXXIII.
488 612 550 680 His
584 613 676 679 rebus
699 614 842 700 cognitis,
873 614 979 681 Caesar
1001 613 1163 680 Gallorum
1195 617 1316 683 anImos

218 717 323 782 verbis
353 715 560 790 confirmavit,
595 714 811 801 pollicitusque
851 725 909 793 est,
939 716 998 780 sibi
1027 738 1097 781 eam
1131 739 1197 782 rem
1234 741 1315 783 cura

219 816 376 881 futuram:
400 838 547 901 magnam
571 836 603 880 se
627 814 741 880 habere
758 838 855 897 spem,
879 824 911 881 ot
933 814 1083 881 beneficio
1104 839 1171 896 suo,
1187 827 1220 884 at
1243 841 1316 883 auc·

220 917 348 982 toritate
365 916 538 981 adductum
556 915 754 981 Ariovistum
770 912 863 980 finem
877 913 1000 1003 injuriis
1024 917 1191 983 facturum.
1243 918 1316 983 Hac

219 1017 360 1082 oratione
377 1016 495 1095 habita,
510 1015 674 1080 concilium
689 1014 818 1094 dimisit,
842 1023 876 1080 et
896 1016 1066 1082 secundnm
1092 1041 1130 1083 ea
1144 1019 1252 1084 mnltoe
1267 1042 1316 1084 res

221 1139 294 1182 enm
307 1117 523 1192 hortabantur,
540 1138 634 1201 quaro
656 1115 714 1181 sibi
737 1139 804 1180 rem
818 1116 1018 1202 cogitandam
1035 1126 1067 1181 et
1088 1119 1316 1204 suscipiendam

222 1226 372 1305 putaret;
406 1216 559 1302 imprimis
585 1216 669 1301 quod
702 1216 841 1293 AEdnos,
871 1216 984 1283 fratres
1010 1219 1316 1305 consanguineosque

222 1340 432 1403 saepenumoro
448 1339 469 1381 a
483 1325 593 1382 senatu
609 1315 793 1402 adpellatos,
811 1316 843 1381 in
858 1317 1008 1383 servitute
1032 1326 1127 1403 atque
1150 1319 1183 1385 in
1198 1319 1317 1386 ditione

222 1418 348 1484 videbat
378 1418 605 1482 Germanorum
640 1417 748 1494 tenerI,
781 1440 949 1502 eorumque
980 1417 1103 1485 obsides
1133 1441 1200 1485 esse
1232 1422 1316 1507 apud

222 1519 418 1584 Ariovistum
440 1540 478 1582 ac
495 1516 655 1602 Sequanos
682 1516 895 1603 intelligebat:
919 1517 1002 1603 quod
1024 1518 1161 1585 intanto
1187 1520 1317 1607 imperio

222 1619 326 1705 populi
350 1618 485 1683 Romani
508 1616 722 1703 turpissimum
745 1617 804 1682 sibi
829 1625 862 1682 et
888 1619 1065 1704 reipublice
1093 1643 1160 1686 esse
1185 1622 1316 1687 arbitra·

222 1720 325 1785 batur.
391 1718 561 1783 Paullatim
593 1726 699 1782 autom
730 1718 904 1784 Germanos
935 1742 1134 1786 consuescere
1170 1721 1316 1787 Rhenum

222 1821 379 1892 transire;
406 1826 440 1884 et
455 1818 488 1883 in
503 1818 638 1883 Galbam
655 1840 801 1904 magnam
819 1842 926 1884 eorum
947 1820 1182 1886 multitudinem
1200 1824 1314 1902 venire,

224 1920 339 2005 populo
368 1919 510 1984 Romano
540 1918 745 2003 periculosum
774 1919 924 1985 uidebat:
957 1944 1057 2006 nequa
1087 1921 1146 1987 sibi
1176 1922 1317 1990 homines

224 2022 309 2085 feros
337 2042 374 2085 ac
402 2019 560 2097 barbaros,
590 2026 818 2103 temperaturos
854 2020 1066 2099 existimabat,
1103 2023 1188 2107 quin,
1219 2047 1317 2108 quum

224 2142 349 2184 omnem
374 2119 509 2185 Galliam
544 2126 756 2204 occupassent,
789 2128 825 2185 ut
863 2129 938 2185 ante
972 2121 1090 2187 cimbri
1121 2122 1317 2209 Teutonique

225 2219 377 2298 fecissent,
392 2221 425 2284 in
451 2219 641 2305 provinciam
659 2218 780 2284 exirent
803 2227 896 2303 atque
912 2220 986 2285 inde
1002 2222 1035 2285 in
1051 2221 1176 2288 ltaliam
1192 2235 1318 2290 conten·

225 2320 357 2396 derent;
382 2320 554 2407 prasertim
568 2341 664 2404 quum
678 2317 838 2403 Sequanos
859 2343 880 2384 a
896 2321 1053 2406 provincia
1069 2330 1176 2388 nostra
1190 2324 1317 2391 Rhoda·

223 2444 283 2487 nus
304 2421 469 2488 divideret.
521 2419 642 2503 Quibus
666 2419 757 2484 rebus
782 2441 875 2503 quam
901 2421 1066 2487 maturime
1093 2425 1317 2490 occurrendum

222 2522 365 2607 putabat.
412 2521 485 2607 Ipsa
505 2529 612 2586 autem
631 2520 811 2585 Ariovistus
832 2527 939 2586 tantos
959 2520 1017 2586 sibi
1040 2523 1177 2608 spiritus,
1194 2532 1317 2591 tantam

220 2621 438 2708 adrogantiam
455 2628 617 2697 sumserat,
633 2629 669 2685 ut
681 2619 827 2685 serendus
840 2643 902 2685 non
918 2620 1085 2687 videratur.

279 2722 458 2788 XXXIV.
496 2721 706 2804 Quamobrem
742 2721 859 2807 placuit
894 2722 932 2800 ei,
973 2730 1009 2787 nt
1046 2723 1088 2787 ad
1119 2723 1314 2790 Ariovistum

224 2823 344 2909 legatos
368 2821 590 2907 mitteret,an
616 2822 657 2886 ab
682 2843 720 2885 eo
747 2821 949 2907 postularent,
976 2822 1024 2887 uti
1053 2823 1187 2908 aliquem
1214 2826 1317 2890 locum

223 2923 361 2989 medinm
389 2923 549 3007 utriusque
572 2920 725 3006 colloquio
748 2921 887 2997 dicerem
914 2923 992 2989 velle
1015 2946 1081 2990 sese
1104 2924 1144 2991 de
1158 2926 1317 3012 republica

223 3032 256 3089 et
272 3025 402 3090 summis
423 3023 583 3107 utriusque
597 3022 691 3087 rebus
711 3043 783 3087 oum
801 3044 837 3086 eo
854 3044 955 3108 agere.
1002 3024 1040 3088 Ei
1057 3025 1206 3111 legationi
1222 3028 1315 3091 Ario-

224 3125 324 3192 vistus
338 3122 518 3209 respondit:
543 3121 698 3206 “Siquid
725 3122 783 3208 ipsi
808 3144 829 3186 a
846 3122 968 3189 Oaesars
984 3147 1062 3211 opus
1078 3134 1170 3207 esset,
1193 3151 1259 3193 sese
1276 3128 1318 3192 ad

223 3248 295 3291 enm
311 3234 476 3291 venturum
500 3223 615 3297 falsae,
640 3222 666 3287 si
689 3223 764 3307 quid
786 3223 837 3287 illc
855 3246 888 3289 se
903 3225 989 3302 velit,
1006 3225 1094 3290 illum
1109 3227 1150 3292 ad
1165 3251 1198 3293 se
1213 3228 1318 3294 venire

223 3334 376 3411 oportere.
421 3324 580 3389 Praeterea
610 3345 643 3389 se
673 3344 772 3407 nequa
801 3323 866 3389 eine
897 3326 1036 3391 exercitu
1071 3328 1103 3393 in
1133 3351 1185 3394 eas
1212 3339 1317 3414 partes

224 3425 335 3490 Galliae
348 3426 454 3492 venire
469 3423 593 3501 audere,
608 3445 685 3508 quas
700 3421 803 3489 Oaesar
817 3424 1008 3509 possideret;
1032 3448 1132 3510 neque
1146 3430 1317 3495 exercitum

223 3526 290 3591 siue
319 3548 433 3611 magno
462 3532 637 3589 commeatu
667 3531 762 3607 atque
793 3523 991 3590 emolimento
1021 3526 1052 3590 in
1082 3550 1178 3592 nnnm
1215 3529 1317 3594 locum

224 3625 406 3691 contrahere
437 3647 548 3710 posse:
580 3623 639 3689 sibi
670 3631 776 3687 autem
808 3624 921 3688 mirum
952 3626 1061 3703 videri,
1095 3626 1170 3711 quid
1201 3628 1231 3693 in
1262 3651 1320 3694 sua

224 3725 337 3805 Gallia,
362 3747 455 3811 quam
483 3724 564 3790 bello
590 3723 724 3801 vicisset,
748 3732 805 3789 aut
829 3723 953 3805 Caesari,
970 3735 1025 3791 aut
1051 3728 1176 3793 omnino
1204 3729 1319 3815 populo

224 3825 367 3892 Romano
384 3825 501 3911 negotii
518 3824 630 3891 essct.”

282 3926 443 3991 XXXV.
474 3924 537 3990 His
561 3923 715 4011 responsis
743 3924 785 3989 ad
814 3925 968 3991 Cesaram
995 3926 1112 4005 relatis,
1134 3927 1249 3994 iterum
1276 3930 1319 3996 ad

224 4049 296 4092 eum
309 4027 414 4094 Oaesar
428 4026 547 4113 legatos
562 4048 633 4091 cum
648 4025 696 4091 his
707 4025 863 4091 mandatis
878 4026 998 4091 mittit:
1023 4028 1212 4110 “Quoniam
1226 4040 1317 4096 tanto

224 4150 280 4193 suo
301 4127 467 4213 populique
485 4125 620 4190 Romani
641 4124 791 4191 beneficio
816 4126 969 4202 adfectus,
988 4151 1083 4213 quum
1100 4129 1132 4193 in
1155 4130 1317 4195 consulatu

223 4248 281 4292 suo
304 4250 360 4292 rex
384 4236 478 4313 atquc
504 4226 622 4291 amicus
646 4249 667 4290 a
696 4234 806 4291 senatu
835 4227 1012 4312 adpellatus
1037 4240 1128 4306 esset,
1152 4229 1234 4294 hanc
1258 4230 1316 4295 sibi

224 4328 397 4413 populoque
422 4328 565 4392 Romano
579 4326 714 4412 gratiam
742 4325 879 4404 referret,
896 4336 932 4392 ut
950 4329 980 4393 in
1005 4330 1191 4415 colloquium
1213 4330 1318 4394 venire

223 4428 376 4495 invitatus
400 4435 593 4517 gravaretur,
614 4451 714 4512 neque
736 4427 776 4492 de
797 4427 952 4492 communi
971 4451 1004 4493 re
1021 4429 1186 4496 dicandum
1208 4428 1317 4496 sibiet
