3202 5076
596 379 884 443 sansadoniam.
1204 358 1292 431 lxvii

190 543 276 631 qnod
299 566 372 610 vero
394 543 437 609 ad
458 542 630 609 amicitiam
656 541 763 628 populi
791 539 924 606 Romani
953 539 1150 617 adtulissent,
1184 540 1220 605 id
1253 541 1291 605 iis

191 646 280 733 eripi,
311 645 380 729 quis
412 643 479 731 pati
510 641 664 729 possetl”
708 641 887 708 Postulavit
923 639 1037 706 deinde
1066 640 1188 715 eadem,
1221 663 1290 725 qna

190 747 305 833 legatis
319 746 354 810 iu
367 744 523 811 mandatis
540 742 680 818 dederat,
697 750 719 782 “
734 765 773 807 ne
787 750 844 808 ant
858 741 988 821 AEdnis,
1003 749 1060 806 ant
1075 764 1180 806 eornm
1196 741 1288 807 sociis

190 847 309 912 bellum
334 845 481 922 inferret;
515 843 639 910 obsides
663 842 828 918 redderem
864 842 891 908 si
918 842 1036 907 nnllam
1060 849 1182 927 partem
1210 840 1289 906 Ger·

191 969 356 1014 manorum
392 946 520 1011 domum
556 943 715 1010 remittere
745 950 860 1029 posset,
892 951 927 1008 at
957 965 997 1008 nc
1033 963 1110 1027 qnos
1148 942 1283 1029 amplius

192 1046 341 1113 Rhenum
354 1046 486 1112 transire
502 1043 696 1132 pateretur.''
767 1097 771 1102 .

237 1146 368 1213 XLIV.
391 1146 570 1213 Ariovistus
593 1144 636 1210 ed
658 1143 816 1231 postulata
832 1142 963 1210 Oaesaris
986 1166 1087 1229 pauca
1110 1142 1285 1228 respondit:

192 1248 233 1313 de
256 1247 320 1314 suis
345 1246 514 1313 virtutibus
540 1245 640 1311 multa
670 1243 873 1332 predicavit:
913 1244 1107 1310 “Transisse
1136 1244 1284 1309 Rhenum

191 1371 267 1430 sese,
284 1371 347 1415 non
368 1369 426 1414 sna
448 1354 567 1434 sponte,
593 1345 649 1412 sed
670 1354 815 1431 rogatum
844 1353 876 1410 et
906 1345 1087 1411 arcessitum
1110 1367 1131 1409 a
1157 1344 1282 1419 Gallis3

190 1471 254 1515 non
269 1448 335 1515 sine
357 1470 473 1534 magna
498 1470 552 1533 spe
573 1445 754 1532 magnisque
775 1446 910 1532 praemiis
931 1445 1059 1510 domum
1081 1446 1285 1531 propinquos·

191 1572 251 1635 que
278 1546 456 1634 reliquisse3
492 1547 582 1614 sedes
606 1547 721 1612 habere
745 1546 779 1611 in
799 1545 913 1624 Gallia,
938 1547 979 1610 ab
1003 1546 1079 1632 ipsis
1097 1568 1281 1620 concessas3

190 1649 314 1715 obsides
324 1649 461 1735 ipsorum
478 1648 639 1714 voluntate
664 1647 777 1722 dat0s3
801 1646 991 1732 stipendium
1006 1669 1115 1732 capere
1125 1645 1197 1731 jure
1212 1646 1285 1711 belli

190 1749 276 1834 quod
291 1748 425 1817 victores
439 1747 531 1814 victis
546 1748 705 1834 imponere
718 1749 916 1821 consuerint;
941 1768 1004 1812 non
1018 1769 1085 1813 scae
1102 1746 1212 1823 Gallis,
1228 1747 1284 1812 sed

192 1849 302 1916 Galles
320 1849 381 1915 sibi
403 1849 520 1914 bellum
549 1848 710 1923 intulisse;
750 1870 857 1913 omnes
876 1847 987 1913 Gallim
1012 1847 1156 1913 civitates
1182 1847 1224 1912 ad
1251 1870 1285 1913 se

193 1948 439 2036 oppugnandum
465 1948 594 2026 venisse,
618 1971 657 2014 ac
693 1957 803 2014 contra
827 1971 861 2014 se
887 1957 991 2014 castra
1017 1948 1187 2024 habuisse3
1230 1970 1284 2013 eas

194 2071 304 2115 omnes
331 2050 434 2136 copias
463 2072 485 2114 a
515 2072 547 2114 se
570 2071 633 2113 uno
662 2048 768 2135 proelio
792 2048 877 2114 fusas
898 2072 936 2114 ac
961 2059 1124 2134 superatas
1145 2068 1232 2125 esse3
1257 2048 1283 2114 si

193 2149 309 2215 iterum
322 2148 455 2236 experiri
470 2149 576 2227 velint,
592 2148 705 2215 iterum
721 2158 863 2235 paratum
876 2172 943 2215 sese
955 2149 1135 2223 decertare3
1165 2149 1191 2215 si
1206 2171 1284 2235 pace

194 2248 244 2316 nti
273 2249 380 2330 velint,
405 2249 545 2334 iniquum
570 2271 646 2325 esse,
680 2249 719 2314 de
748 2248 904 2334 stipendio
932 2272 1084 2327 recusare,
1115 2249 1199 2334 quod
1226 2272 1284 2315 sua

193 2350 355 2417 voluntate
379 2349 422 2415 ed
449 2350 484 2415 id
521 2358 645 2435 tempus
687 2347 902 2435 dependeriut.
963 2349 1147 2415 Amicitiam
1179 2351 1286 2435 populi

193 2449 329 2517 Romani
357 2449 417 2516 sibi
439 2456 621 2516 ornamento
650 2457 682 2514 et
711 2448 865 2535 prasidio,
894 2471 956 2514 non
988 2448 1187 2524 detrimento,
1219 2471 1285 2515 essa

191 2558 346 2636 oportere,
362 2549 454 2636 idque
470 2573 504 2617 sc
526 2573 564 2616 ea
577 2573 631 2636 spe
648 2549 772 2636 petisse.
817 2547 852 2613 Si
874 2572 931 2636 per
944 2550 1094 2635 populum
1108 2549 1287 2614 Romanum

193 2650 385 2736 stipendium
409 2651 589 2717 remittatur
613 2658 646 2716 et
673 2649 809 2716 dedititii
834 2650 1069 2727 subtrahantur,
1097 2671 1158 2713 non
1185 2652 1288 2715 minus

194 2750 328 2816 libenter
354 2772 420 2817 sese
445 2757 660 2816 recusaturum
685 2750 791 2837 populi
819 2750 952 2815 Romani
982 2749 1163 2827 amicitiam,
1193 2771 1287 2834 qnam

195 2850 374 2936 adpetierit.
432 2850 525 2936 Quod
555 2850 791 2919 multitudinem
824 2850 1053 2916 Germanorum
1084 2850 1117 2914 in
1150 2849 1287 2914 Galliam

195 2950 389 3030 transducat,
421 2951 455 3017 id
482 2975 516 3018 se
552 2951 600 3018 sni
629 2951 799 3029 muniendi,
828 2973 890 3015 non
922 2950 1032 3016 Gmlias
1069 2950 1289 3036 impugnanda

194 3072 307 3117 caussa
329 3050 448 3117 facere:
473 3049 540 3140 ejus
564 3052 608 3117 rei
626 3051 839 3117 testimoninm
856 3073 932 3131 esse,
954 3051 1123 3136 quodnisi
1150 3059 1286 3136 rogatus,

195 3173 258 3217 non
273 3151 403 3230 venerit,
419 3160 452 3217 et
468 3150 551 3237 qnod
565 3151 682 3217 bellum
696 3172 758 3215 non
773 3150 924 3227 intulerit,
939 3151 996 3217 sed
1017 3150 1200 3216 defenderit.
1246 3150 1288 3216 Se

197 3251 285 3337 prins
304 3251 340 3317 in
354 3251 490 3318 Galliam
506 3252 637 3331 venisse,
659 3273 753 3336 qnam
778 3251 928 3337 populum
948 3251 1135 3316 Romanum.
1189 3250 1288 3316 Num-

195 3374 291 3436 quam
304 3352 451 3418 antehoc
465 3360 589 3438 tempus
603 3350 777 3416 exercitum
798 3352 903 3438 populi
926 3351 1061 3417 Romani
1087 3351 1198 3416 Gallia
1219 3374 1289 3437 pre

195 3450 305 3518 vincia
334 3449 412 3519 fines
442 3474 609 3538 egressum.
672 3450 756 3534 Quid
792 3451 851 3517 sibi
881 3452 997 3517 vellet!
1057 3452 1121 3517 Our
1150 3451 1181 3515 in
1219 3474 1291 3517 snas

195 3550 403 3637 possessiones
428 3553 568 3618 veniret!
619 3551 818 3617 Provinciam
843 3574 931 3617 suam
946 3552 1027 3616 hanc
1051 3574 1118 3617 esse
1144 3550 1289 3628 Galliam,

196 3650 278 3718 sicut
302 3651 389 3718 illam
416 3659 567 3719 nostram.
613 3650 663 3717 Ut
689 3651 749 3737 ipsi
771 3651 898 3716 concedi
921 3674 983 3716 non
1009 3659 1177 3737 oporteret,
1201 3652 1227 3716 si
1257 3652 1289 3715 in

196 3759 321 3819 nostros
334 3749 412 3819 lines
425 3753 578 3839 impetum
594 3752 731 3817 faceret:
755 3750 800 3816 sie
824 3751 902 3817 item
923 3773 981 3816 nos
999 3773 1065 3817 esse
1090 3751 1221 3835 iniquos,
1238 3753 1291 3836 qui

196 3850 228 3916 in
244 3873 300 3919 suo
307 3850 382 3939 jure
395 3875 429 3919 se
443 3852 720 3940 interpellaremus.
765 3850 858 3935 Quod
872 3851 1017 3917 fratresa
1038 3860 1149 3917 senatu
1163 3852 1293 3917 AEduos

196 3950 372 4045 adpellatos
403 3952 530 4031 diceret,
569 3974 634 4017 uon
658 3974 692 4018 sc
720 3959 787 4017 tam
813 3951 990 4029 barbarum,
1017 3973 1115 4036 neque
1140 3959 1208 4016 tam
1235 3952 1293 4016 im-

196 4050 334 4136 peritum
357 4074 425 4120 esse
448 4075 562 4132 rerum,
587 4060 624 4118 ut
654 4073 717 4117 non
741 4052 845 4129 sciret,
858 4074 958 4137 neque
983 4051 1063 4116 bello
1086 4050 1292 4138 Allobrogum

195 4152 342 4237 proximo
355 4153 483 4220 AEduos
500 4152 651 4220 Romanis
664 4152 816 4217 auxilinm
839 4152 956 4229 tulisse,
972 4173 1071 4236 neque
1093 4152 1176 4238 ipsos
1197 4152 1294 4217 iubis

196 4252 458 4333 contentionibus,
474 4276 552 4339 quas
574 4252 679 4319 AEdui
703 4275 807 4319 seciam
832 4260 866 4317 et
890 4274 963 4318 cnm
991 4251 1142 4336 Sequanis
1167 4252 1293 4317 habuis-

196 4359 278 4433 sent,
304 4352 423 4423 auxilio
449 4354 556 4441 populi
571 4354 706 4420 Romani
720 4376 793 4420 usos
809 4375 885 4419 esse.
937 4352 1061 4419 Debere
1077 4374 1110 4417 se
1131 4349 1291 4512 pappicari
