3202 5076
299 407 415 476 lxxxii
570 421 646 476 uun
669 420 851 476 annuum
874 421 924 478 or
948 423 1112 478 uacuus.

298 589 455 647 extremos
469 579 546 648 lines
557 604 623 647 sese
637 583 808 668 recepisse:
832 581 942 647 silvam
955 605 1021 647 esse
1036 583 1079 648 ibi
1094 580 1216 648 infinita
1232 585 1387 670 magnitu=

298 680 379 759 dine,
395 705 463 766 quae
480 683 654 768 adpellatur
668 682 809 760 Bacenis,
822 681 903 747 hauc
914 683 1005 768 longe
1014 684 1165 749 introrsus
1176 686 1328 770 pertinere
1342 695 1384 761 et,

297 805 353 867 pro
370 783 477 847 nativo
494 806 582 848 muro
597 781 761 870 objectam,
774 782 945 848 Cheruscos
959 783 1000 847 ab
1018 783 1137 861 Suevis,
1153 785 1330 869 Suevosque
1344 785 1385 849 ab

298 882 470 961 Cheruscis,
487 881 607 969 injuriis
621 882 904 967 incursionibusque
920 883 1099 968 prohibere:
1125 885 1167 949 ad
1181 882 1248 969 ejus
1262 885 1385 950 initium

298 983 383 1048 silvae
399 982 517 1049 Suevos
531 983 700 1050 adventum
716 983 929 1048 Romanorum
943 992 1123 1069 exspectare
1138 985 1365 1051 constituisse.”

340 1082 407 1149 XI.
431 1084 585 1166 Quoniam
607 1084 648 1149 ad
671 1084 755 1149 hunc
771 1083 875 1148 locum
890 1093 1072 1169 perventum
1094 1092 1151 1163 est,
1167 1107 1229 1149 non
1250 1086 1385 1150 alienum

299 1207 365 1249 esse
386 1183 520 1263 videtur,
544 1185 583 1250 de
606 1184 715 1249 Galliae
738 1183 972 1267 Germaniaeque
1004 1185 1151 1263 moribus,
1183 1193 1215 1249 et
1240 1208 1302 1269 quo
1327 1186 1386 1250 dif-

297 1283 399 1349 ferant
428 1286 476 1350 hae
504 1287 646 1351 nationes
675 1286 756 1349 inter
784 1306 861 1359 sese,
889 1307 1070 1369 proponere.
1117 1285 1156 1349 In
1190 1284 1293 1350 Gallia
1323 1308 1385 1350 nou

297 1385 396 1449 solum
422 1386 454 1450 in
476 1386 619 1451 omnibus
640 1385 819 1451 civitatibus
850 1392 944 1468 atque
966 1385 998 1448 in
1024 1385 1167 1450 omnibus
1197 1385 1285 1471 pagis
1317 1409 1386 1470 par-

297 1485 450 1570 tibusque,
467 1486 520 1552 sed
536 1508 623 1572 paene
638 1485 733 1550 etiam
753 1485 785 1549 in
807 1484 935 1570 singulis
956 1483 1100 1551 domibus
1120 1485 1270 1550 factiones
1289 1495 1383 1551 sunt:

295 1608 462 1670 earumque
490 1585 661 1652 factionum
687 1585 839 1671 principes
861 1592 943 1662 sunt,
967 1585 1019 1668 qui
1044 1608 1198 1651 summam
1219 1587 1386 1651 auctorita⁴

296 1694 361 1750 tem
379 1709 485 1752 eorum
495 1685 616 1773 judicio
636 1686 751 1751 habere
767 1685 995 1763 existimantur,
1011 1708 1141 1770 quorum
1160 1686 1203 1752 ad
1220 1687 1384 1751 arbitrium

290 1784 505 1871 judiciumque
532 1809 654 1852 summa
681 1787 820 1851 omnium
849 1808 952 1850 rerum
983 1786 1239 1871 consiliorumque
1268 1786 1385 1852 redeat.

298 1884 398 1969 quue
418 1885 485 1972 ejus
512 1887 556 1952 rei
579 1909 688 1952 caussa
707 1886 879 1971 antiquitus
897 1886 1078 1951 institutum
1099 1887 1234 1965 videtur,
1254 1910 1294 1952 ne
1316 1887 1383 1971 quis

297 2008 337 2051 ex
354 1986 444 2072 plebe
459 1995 567 2052 contra
583 1987 789 2072 potentiorem
804 1985 912 2052 auxilii
928 1995 1053 2072 egeret:
1077 2010 1150 2053 suos
1164 1988 1247 2052 enim
1257 1988 1384 2073 quisque

296 2087 429 2171 opprimi
446 2095 478 2152 et
495 2087 707 2152 circumveniri
728 2110 790 2151 non
810 2087 941 2173 patitur,
964 2110 1074 2171 neque,
1097 2088 1188 2153 aliter
1209 2088 1235 2152 si
1257 2089 1383 2164 faciant,

295 2186 391 2251 ullam
413 2186 495 2253 inter
516 2210 588 2253 suos
604 2188 722 2253 habent
737 2187 968 2253 auctoritatem.
1013 2188 1093 2253 Haeo
1118 2187 1227 2253 eadem
1242 2189 1322 2253 ratio
1337 2196 1385 2254 est

295 2286 328 2350 in
350 2309 472 2352 summa
492 2289 590 2354 totius
610 2287 739 2353 Gallia:
764 2310 897 2372 namque
918 2310 1025 2354 omues
1052 2289 1195 2354 civitates
1220 2288 1253 2352 iu
1280 2297 1386 2374 partes

298 2385 404 2452 divisa
422 2397 495 2453 sunt
511 2389 599 2455 duas.

341 2487 427 2553 XII.
451 2489 556 2572 Quum
588 2490 692 2555 Oaesar
723 2489 756 2553 in
789 2488 924 2553 Galliam
953 2488 1047 2567 seuit,
1081 2487 1210 2553 alterius
1240 2488 1385 2554 factionis

296 2588 450 2675 principes
471 2598 560 2655 arant
587 2589 701 2668 AEdui,
730 2588 858 2655 alterius
884 2587 1029 2671 Sequani.
1082 2587 1128 2653 Hi
1153 2611 1248 2672 quum
1272 2612 1327 2675 per
1352 2612 1385 2654 se

294 2689 397 2755 minus
431 2689 580 2769 valerent,
619 2689 701 2776 quod
738 2711 861 2755 summa
899 2688 1068 2754 auctoritas
1108 2689 1279 2773 antiquitus
1319 2697 1386 2755 erat

295 2788 327 2853 iu
357 2789 485 2866 AEduis,
518 2813 701 2876 magnaeque
734 2811 841 2854 eorum
875 2795 964 2854 erant
990 2789 1151 2854 clientela.
1212 2789 1385 2855 Germanos

294 2897 389 2974 atque
423 2889 618 2956 Ariovistum
655 2889 714 2956 sibi
747 2887 957 2976 adjunxerant
992 2912 1104 2974 eosque
1133 2890 1174 2955 ad
1203 2913 1236 2956 se
1265 2890 1385 2976 magnis

288 2986 422 3073 jacturis
446 2989 778 3076 pollicitationibusque
802 2989 1024 3075 perduxerant.
1070 2991 1191 3057 Proeliis
1213 3014 1285 3056 vero
1300 3013 1384 3056 com·

294 3087 434 3173 pluribus
464 3089 556 3157 factis
585 3091 737 3168 secundis,
769 3099 863 3174 atque
892 3091 977 3154 omni
1006 3089 1169 3156 nobilitate
1202 3091 1383 3156 AEduorum

293 3187 469 3268 interfecta,
483 3199 608 3256 tantum
626 3191 769 3278 potentia
785 3199 1023 3268 antecesserant,
1039 3198 1075 3255 ut
1099 3213 1245 3278 magnam
1262 3199 1383 3278 partem

295 3288 453 3354 clientium
485 3291 525 3355 ab
547 3292 666 3357 AEduis
687 3292 729 3356 ad
750 3314 783 3357 se
812 3290 1047 3355 transducerent
1072 3291 1255 3376 obsidesque
1280 3293 1320 3358 ab
1347 3290 1385 3356 iis

295 3388 469 3476 principum
500 3389 578 3457 lilios
599 3392 774 3478 acciperent
797 3399 829 3457 et
851 3391 972 3476 publice
992 3389 1100 3477 jurare
1124 3400 1280 3478 cogerent,
1307 3391 1383 3457 nihil

296 3512 329 3554 se
345 3497 455 3555 contra
472 3491 630 3576 Sequanos
653 3492 770 3558 consilii
793 3491 947 3565 inituros;
972 3499 1004 3556 et
1028 3499 1149 3577 partem
1168 3491 1291 3557 finitimi
1306 3492 1382 3576 agri,

294 3589 427 3674 pervim
452 3600 644 3678 occupatam,
666 3591 857 3677 possiderent
874 3591 1044 3676 Galliaeque
1061 3592 1158 3658 totius
1177 3593 1386 3677 principatum

291 3690 482 3759 obtinerent.
544 3693 614 3775 Qua
649 3693 833 3757 necessitate
869 3691 1024 3757 adductus
1056 3691 1239 3770 Divitiacus,
1275 3691 1383 3756 auxilii

292 3790 420 3875 petendi
453 3815 562 3859 caussa
590 3794 724 3858 Romam
757 3793 799 3857 ad
831 3801 973 3857 senatum
1008 3791 1172 3878 profectus,
1204 3792 1320 3856 infecta
1350 3815 1384 3856 re

293 3890 437 3957 redierat.
484 3894 634 3959 Adventu
650 3893 780 3958 Oaesaris
796 3893 881 3958 facta
897 3892 1140 3958 commutatione
1161 3915 1272 3968 rerum,
1300 3891 1383 3957 obsi-

294 3990 386 4057 dibus
410 3992 529 4059 AEduis
561 3993 702 4071 redditis,
730 3994 883 4058 veteribus
915 3993 1066 4059 clientelis
1097 3992 1259 4069 restitutis,
1294 3992 1383 4057 novis

293 4114 348 4176 per
373 4091 526 4158 Oaesarem
552 4093 739 4178 comparatis
766 4093 863 4176 (quod
887 4093 929 4170 hi,
961 4094 1013 4178 qui
1039 4115 1072 4158 se
1101 4093 1143 4158 ad
1173 4115 1280 4158 eorum
1307 4093 1384 4159 ami-

293 4191 400 4257 citiam
423 4192 679 4279 sdgregaverant,
699 4192 825 4257 meliore
853 4194 1028 4259 conditione
1050 4201 1144 4277 atque
1167 4195 1300 4277 aequiore
1325 4195 1385 4258 im-

294 4292 378 4377 perio
393 4316 424 4358 se
446 4294 493 4358 uti
518 4293 691 4377 videbant),
710 4291 834 4376 reliquis
859 4294 951 4359 rebus
965 4315 1082 4372 eorum,
1097 4292 1209 4379 gratia,
1228 4294 1382 4381 dignitato

290 4391 490 4478 amplificata,
529 4393 665 4479 Sequani
702 4392 911 4479 principatum
950 4393 1139 4460 dimiserant.
1200 4394 1239 4460 In
1277 4418 1382 4461 eorum
