3246 5078
286 412 340 479 cvi
560 426 637 482 THE
659 426 842 483 uuuMaNY
864 425 912 481 01²
937 425 1102 481 TACII'US.

282 585 401 670 pudore
430 584 550 673 flagitii,
575 587 641 653 sine
667 607 742 651 cura
758 585 884 665 ducum,
906 585 1001 662 abire,
1018 584 1145 669 fugere;
1169 583 1299 669 pavidos
1321 585 1377 651 ad·

281 686 398 760 versis3
423 686 506 752 inter
518 686 665 764 secunda,
681 709 744 751 non
759 685 866 763 divini,
885 708 947 750 non
965 685 1093 750 humani
1107 683 1190 773 juris
1213 707 1376 752 memores.

281 784 316 849 Si
339 786 434 852 taedio
456 787 577 853 viarum
606 810 644 852 ac
671 783 884 852 medelinum
911 786 1047 870 cupiant,
1074 785 1134 850 hac
1155 785 1222 851 acie
1249 786 1388 872 parari:¹

280 888 456 972 propiorem
473 884 543 974 jam
559 887 678 967 Albim,
709 909 803 971 quam
821 885 986 951 Rhenum:
1010 908 1110 971 neque
1137 886 1254 951 bellum
1280 887 1375 964 ultra,

279 986 373 1052 modo
398 1011 432 1054 se
449 987 547 1074 patris
562 988 726 1074 patruique
743 985 876 1072 vestigia
892 994 1094 1071 prementem,
1110 985 1221 1052 iisdem
1235 986 1269 1051 in
1283 987 1375 1054 terris

281 1085 431 1153 victorem
443 1087 619 1154 sisterent.”
663 1087 846 1153 Orationem
863 1085 950 1152 ducis
967 1094 1092 1152 secutus
1106 1086 1241 1152 militum
1256 1087 1370 1162 ardor;

278 1187 462 1273 signumque
483 1211 598 1275 pugnae
616 1188 737 1255 datum.

323 1287 406 1353 XV.
444 1288 512 1353 Nec
541 1288 713 1365 Arminius,
748 1298 804 1354 aut
833 1286 928 1355 ceteri
963 1285 1190 1352 Germanorum
1231 1310 1374 1372 proceres

277 1388 467 1454 omittebant
482 1411 554 1455 suos
570 1389 698 1475 quisque
709 1389 837 1455 testari:
862 1394 881 1424 “
894 1387 965 1453 Hos
981 1409 1048 1453 esse
1063 1387 1222 1453 Romanos
1239 1387 1371 1454 Variani

278 1488 434 1556 exercitus
459 1489 681 1574 iirgacissimos,
704 1489 819 1574 quine
847 1488 964 1554 bellum
987 1488 1167 1567 tolerarent,
1186 1488 1371 1554 seditionem

277 1586 454 1654 induerint:
479 1613 610 1675 quorum
632 1612 705 1676 pars
726 1597 839 1655 onusta
855 1587 1032 1654 vulneribus
1053 1595 1187 1674 tergum,
1202 1611 1274 1674 pars
1296 1586 1371 1654 fluc-

276 1688 361 1756 tibus
397 1698 430 1756 et
459 1689 602 1776 procellis
636 1691 752 1756 fractos
783 1706 880 1767 artus,
908 1688 1036 1754 infensis
1064 1711 1187 1754 rursum
1216 1689 1368 1768 hostibus,

276 1787 415 1856 adversis
430 1791 501 1866 diis,
518 1788 677 1877 objiciant,
688 1790 775 1855 nulle
788 1790 862 1854 boni
877 1811 942 1874 spe.
973 1788 1111 1855 Classem
1125 1788 1239 1876 quippe
1254 1797 1286 1855 et
1300 1791 1372 1856 avia

276 1887 394 1954 Oceani
421 1891 561 1975 quesita,
593 1914 633 1956 ne
660 1890 729 1977 quis
756 1890 953 1956 venientibus
981 1898 1167 1967 occurreret,
1195 1912 1235 1955 ne
1263 1890 1369 1976 pulsos

273 1999 448 2074 premeret:
472 1991 527 2058 sed
551 1991 605 2057 uhi
627 1991 806 2057 miscuerint
825 2012 947 2065 manus,
970 1989 1063 2056 inane
1088 1990 1180 2055 victis
1203 1999 1367 2056 ventorum

274 2112 490 2177 remorumque
505 2091 686 2158 subsidium.
715 2090 935 2157 Meminissent
953 2089 1047 2155 modo
1066 2091 1215 2167 avaritiae,
1233 2091 1368 2156 crudeli-

273 2191 360 2271 tatis,
378 2192 551 2278 superbia:
576 2192 662 2258 aliud
681 2192 741 2259 sibi
759 2192 920 2277 reliquum,
937 2213 1030 2276 quam
1047 2199 1153 2255 tenere
1176 2190 1365 2269 libertatem,

273 2300 330 2355 aut
347 2293 426 2357 mori
442 2301 516 2358 ante
530 2293 740 2359 servitinml”

317 2390 419 2458 XVI.
443 2392 496 2458 Sic
512 2416 658 2461 senenses
683 2402 716 2459 et
743 2393 884 2481 proelium
903 2399 1067 2478 poscentes
1089 2390 1119 2455 in
1141 2412 1296 2476 campum,
1315 2393 1365 2457 eui

273 2491 441 2560 Idistaviso
466 2517 588 2573 nomen,
618 2494 795 2560 deducunt:
837 2492 864 2559 is
889 2492 1010 2558 medius
1039 2493 1121 2558 inter
1141 2490 1304 2577 Visurgim
1332 2502 1364 2557 et

271 2593 373 2674 colles,
407 2594 542 2681 ut,ripae
571 2593 707 2661 fluminis
732 2594 859 2671 cedunt,
889 2600 945 2658 aut
972 2592 1180 2678 prominentia
1207 2593 1363 2658 montium

270 2694 429 2774 resistunt,
447 2696 641 2780 inaequaliter
660 2696 819 2762 sinuatur:
844 2716 924 2780 pone
938 2701 1063 2780 tergum
1080 2693 1261 2779 insurgebat
1274 2693 1362 2773 silva,

271 2794 366 2860 editis
387 2795 421 2859 in
445 2795 546 2862 altum
571 2796 676 2873 ramis,
694 2803 727 2861 et
748 2817 827 2882 pura
848 2795 944 2860 humo
966 2793 1048 2859 inter
1062 2794 1208 2859 arborum
1225 2802 1363 2859 truncos.

271 2893 425 2980 Campum
447 2904 481 2959 et
502 2897 603 2982 prima
624 2896 781 2975 silvarum,
797 2893 933 2960 barbara
957 2894 1039 2960 acies
1058 2893 1181 2959 tenuit:
1209 2893 1266 2960 soli
1284 2894 1363 2960 Ohe·

267 2995 350 3059 rusci
365 2991 446 3081 juga
470 2995 621 3072 insedere,
636 3005 673 3062 ut
688 2995 901 3083 proeliantibus
915 2995 1066 3060 Romanis
1082 2994 1215 3080 desuper
1228 2995 1363 3061 incurre-

267 3103 348 3160 rent.
400 3093 515 3162 Noster
542 3098 698 3163 exercitus
724 3096 769 3162 sic
793 3096 939 3162 incessit:
971 3095 1138 3161 auxiliares
1163 3094 1257 3175 Gelli,
1283 3095 1361 3162 Ger-

268 3193 414 3279 manique
430 3196 463 3261 in
477 3196 599 3262 fronte:
624 3205 695 3283 pest
710 3220 787 3283 quos
803 3196 925 3283 pedites
940 3195 1114 3281 sagittarii:
1140 3196 1212 3262 dein
1228 3206 1362 3280 quatuor

266 3292 412 3380 legiones,
442 3304 475 3361 et
503 3319 575 3362 cum
610 3296 731 3364 duabus
758 3296 910 3383 praetoriis
941 3296 1130 3378 cohortibus,
1163 3318 1202 3362 ac
1238 3296 1360 3362 delecto

268 3394 371 3479 equite
387 3394 513 3471 Caesar:
541 3397 615 3463 exin
645 3397 778 3464 totidem
803 3397 872 3463 alia
894 3396 1039 3483 legiones,
1057 3404 1090 3462 et
1104 3395 1181 3462 levis
1200 3406 1362 3463 armatura

266 3517 338 3560 cum
353 3497 457 3581 equite
471 3497 644 3583 sagittario,
662 3505 834 3582 ceteraque
848 3497 1001 3564 sociorum
1015 3498 1169 3562 cohortes.
1214 3497 1360 3563 intentus

265 3604 452 3682 paratusque
466 3598 565 3676 miles,
581 3608 617 3664 ut
634 3598 710 3664 ordo
725 3598 858 3685 angnis
874 3598 906 3662 iu
923 3597 1022 3663 aciem
1039 3596 1214 3664 adsisteret.

317 3697 438 3763 XVII.
476 3697 561 3766 Visis
592 3698 819 3766 Cheruscorum
852 3698 997 3772 catervis,
1027 3721 1095 3783 quae
1125 3721 1180 3784 per
1210 3698 1357 3763 ferociam

265 3807 480 3884 proruperant,
495 3799 702 3867 validissimos
724 3801 865 3885 equitum
887 3798 1042 3864 incurrere
1063 3798 1156 3877 latus,
1173 3797 1358 3864 Stertinium

265 3920 336 3962 cum
352 3899 463 3966 ceteris
477 3899 589 3965 turmis
610 3900 824 3986 circumgredi,
839 3908 988 3984 tergaque
1005 3898 1152 3964 invadere
1167 3896 1270 3985 jubet,
1292 3899 1357 3984 ipse

264 3999 298 4063 in
313 4006 452 4086 tempore
466 4000 641 4066 adfuturus.
687 4001 813 4065 Interea
836 4000 1078 4085 pulcherrimum
1094 3999 1270 4085 augurium,
1286 4007 1359 4065 octo

191 4122 199 4133 ·
264 4099 375 4184 aquilae
395 4108 502 4187 petere
527 4101 630 4179 silvas,
648 4107 681 4165 et
695 4100 812 4165 intrare
831 4100 914 4179 visae,
929 4101 1148 4187 imperatorem
1172 4099 1356 4166 advertere:

264 4200 433 4278 exclamat,
459 4207 479 4237 “
492 4201 590 4280 Irent,
609 4208 810 4285 sequerentur
824 4198 984 4267 Romanas
1008 4223 1093 4277 ares,
1108 4201 1235 4287 propria
1260 4200 1359 4288 legio·

263 4324 340 4366 num
355 4300 514 4367 numiua.”
565 4300 665 4367 Simul
681 4300 832 4387 pedestris
856 4299 939 4367 acies
958 4300 1108 4376 infertum
1134 4309 1167 4367 et
1181 4302 1359 4388 praemissus

262 4424 365 4487 eques,
390 4411 562 4489 postremos
584 4425 621 4468 ae
644 4402 745 4468 latera
769 4401 902 4487 impulit.
965 4401 1145 4486 Mirumque
1172 4402 1270 4482 dictu,
1294 4402 1357 4467 duo
