3264 5086
326 436 375 507 86
601 454 678 511 run
700 454 879 510 ussurus
903 453 951 508 or
975 452 1140 509 uacuus.

326 607 528 685 profectionem
551 609 613 688 lege
633 610 811 672 confirmant.
852 609 965 669 Adeas
988 628 1032 668 ros
1054 606 1240 668 conficiendas
1258 607 1413 687 Orgetorix

327 705 471 783 deligitur.
514 707 550 777 Is,
572 708 623 767 ubi
647 709 817 787 legationem
839 707 876 767 ad
897 706 1028 766 civitates
1050 706 1181 784 suscepit,
1202 705 1233 765 in
1256 725 1289 765 eo
1310 705 1415 765 itinere

325 804 477 881 persuadet
490 803 608 879 Castico,
622 805 862 866 Catamantaledis
874 805 941 877 filio,
956 803 1094 881 Smuano,
1108 803 1188 881 cujus
1201 811 1283 882 pater
1294 823 1415 881 regnum

327 900 357 958 iu
381 900 518 978 Sequanis
538 903 644 963 multos
666 924 754 963 annos
772 904 943 974 obtinuerat,
961 908 991 960 et
1012 923 1029 961 a
1050 909 1149 961 senatu
1171 901 1270 979 populi
1291 899 1414 960 Romani

326 998 433 1057 amicus
451 999 610 1078 adpellatus
627 1008 697 1073 erat,
710 1009 744 1061 ut
762 1019 882 1078 regnum
905 1000 937 1058 in
958 999 1076 1058 civitate
1094 1018 1145 1057 sua
1163 1005 1322 1077 occuparet,
1335 996 1413 1075 quod

326 1101 408 1172 pater
428 1103 494 1155 ante
517 1097 674 1159 habuerat:
695 1099 821 1176 itemque
842 1096 1015 1175 Dumnorigi
1037 1096 1142 1168 Adduo,
1160 1096 1242 1155 fratri
1266 1093 1413 1166 Divitiaci,

326 1193 375 1268 qui
389 1213 422 1252 eo
435 1201 560 1274 tempore
573 1196 767 1274 principatum
787 1196 818 1254 in
839 1195 958 1255 civitate
977 1194 1124 1254 obtinebat
1143 1213 1177 1253 ac
1195 1194 1321 1252 maxime
1334 1191 1413 1271 plebi

325 1298 457 1369 acceptus
478 1301 547 1365 erat,
566 1300 600 1353 ut
622 1294 699 1353 idem
721 1300 876 1365 conaretur,
895 1291 1054 1372 persuadet,
1071 1293 1154 1369 eique
1168 1291 1259 1351 filiam
1278 1310 1359 1350 suam
1380 1291 1412 1349 in

326 1389 539 1449 matrimonium
553 1390 611 1450 dat.
652 1390 788 1451 Perfacile
801 1391 878 1449 factu
888 1409 954 1462 esse,
964 1389 1024 1448 illie
1037 1389 1147 1467 probat,
1156 1395 1257 1448 conata
1270 1387 1413 1467 perficere,

326 1493 473 1564 propterea
488 1487 565 1564 quod
586 1488 648 1565 ipse
667 1507 726 1547 sua
745 1487 871 1546 civitatis
891 1485 1042 1563 imperium
1065 1484 1233 1544 obtenturus
1246 1491 1335 1545 esset:
1355 1503 1414 1545 nen

326 1602 384 1641 esse
397 1583 527 1655 dubium,
542 1585 613 1661 quin
627 1585 716 1644 totius
729 1583 830 1644 Gallie
847 1583 1003 1661 plurimum
1019 1581 1146 1641 Helvetii
1160 1588 1290 1661 possent:
1311 1601 1341 1642 se
1353 1581 1413 1640 suis

325 1680 414 1758 copiis
435 1701 542 1758 suoque
566 1683 694 1741 exercitu
714 1681 773 1740 illis
796 1700 885 1759 regna
904 1680 1133 1749 conciliaturum,
1151 1678 1306 1739 confirmat
1348 1677 1414 1738 Hac

326 1778 454 1837 orations
466 1779 592 1850 adducti,
606 1780 683 1839 inter
696 1799 724 1838 se
736 1778 822 1837 fidem
836 1785 864 1837 et
874 1777 1077 1858 jusjurandum
1090 1778 1161 1838 dant
1181 1784 1217 1850 et,
1231 1797 1318 1855 regno
1330 1797 1412 1837 oocu-

326 1881 402 1953 peto,
413 1896 463 1955 per
477 1883 533 1935 tres
547 1877 756 1955 potentissimos
768 1897 801 1936 ac
814 1876 989 1935 firmissimos
1001 1876 1121 1955 populos
1135 1875 1222 1935 totius
1235 1874 1338 1935 Galliae
1351 1894 1410 1934 sese

325 1973 412 2050 potiri
426 1994 506 2053 posse
519 1980 642 2053 sperant.

363 2069 419 2129 IV.
440 2070 483 2129 Re
496 2091 539 2130 ree
558 2078 591 2130 ut
603 2078 646 2130 est
660 2070 801 2130 Helvetiis
814 2090 865 2149 per
878 2070 1019 2130 indicium
1032 2070 1193 2139 enunciata.
1208 2070 1335 2129 moribus
1347 2070 1406 2129 suis

326 2165 520 2246 Orgetorigem
553 2188 590 2227 ex
617 2167 741 2228 vinculis
771 2188 898 2228 caussam
925 2168 1017 2227 dicere
1043 2173 1213 2246 coegerunt:
1243 2167 1410 2227 damnatum

324 2284 437 2342 poenam
450 2266 530 2344 sequi
544 2268 701 2344 oportebat,
715 2273 750 2324 ut
770 2266 831 2344 igni
849 2273 1028 2325 cremaretur.
1068 2265 1125 2325 Die
1136 2265 1292 2324 constituta
1304 2284 1411 2323 caussa

324 2362 466 2434 dictionis,
476 2362 627 2443 Orgetorix
638 2363 674 2422 ad
684 2363 829 2441 judicium
839 2382 951 2422 omnem
961 2382 1041 2421 suam
1054 2361 1200 2435 familiam,
1209 2361 1246 2421 ad
1259 2362 1410 2421 hominum

324 2460 418 2520 millia
438 2460 541 2532 decem,
560 2460 688 2537 undique
702 2460 794 2539 coegit
813 2467 843 2519 et
866 2478 962 2518 omnes
981 2459 1099 2518 clientes
1121 2459 1316 2537 obaeratosque
1336 2478 1409 2530 suos,

323 2576 446 2634 quorum
468 2576 604 2635 magnum
624 2576 777 2616 numerum
797 2556 930 2625 habebat,
942 2555 1040 2615 eodem
1059 2555 1218 2614 conduxit:
1238 2575 1289 2633 per
1306 2575 1360 2628 sos,
1373 2574 1411 2616 ne

323 2674 449 2713 caussam
470 2655 583 2726 diceret,
602 2673 632 2713 se
654 2654 770 2732 eripuit.
812 2653 908 2724 Quum
931 2653 1039 2726 civitas,
1061 2653 1097 2711 ob
1121 2672 1184 2712 eam
1203 2672 1264 2712 rem
1286 2653 1408 2713 incitata

322 2751 409 2811 armis
423 2751 472 2829 jus
495 2771 579 2810 suum
602 2751 719 2828 exsequi
741 2758 889 2810 conaretur
909 2750 1182 2828 multitudinemque
1205 2750 1353 2810 bominum
1373 2771 1412 2812 ox

322 2848 397 2927 agris
423 2848 606 2925 magistratus
632 2855 770 2925 cogerent,
793 2846 946 2926 Orgetorix
972 2854 1102 2907 mortuus
1127 2855 1190 2907 este
1217 2867 1309 2925 neque
1331 2849 1411 2909 abest

321 2945 453 3023 euspicio,
467 2951 502 3003 ut
515 2944 642 3004 Helvetii
655 2944 840 3018 arbitrantur,
854 2944 926 3021 quin
939 2945 1000 3023 ipse
1012 2945 1067 3003 sibi
1081 2951 1201 3004 mortem
1213 2946 1389 3006 consciverit.

362 3042 399 3101 V.
420 3041 486 3101 Post
513 3042 573 3120 ejus
600 3048 720 3101 mortem
746 3041 839 3101 nihilo
862 3042 958 3101 miuus
982 3041 1109 3101 Helvetii
1135 3042 1177 3111 id,
1205 3043 1282 3120 quod
1308 3044 1408 3103 consti

322 3145 445 3212 tuerent,
468 3139 559 3199 iacere
581 3148 730 3209 conantur,
753 3148 788 3198 ut
812 3159 827 3198 e
853 3139 960 3209 finibus
979 3139 1038 3199 suis
1060 3148 1174 3199 exeant.
1213 3139 1273 3200 Ubi
1295 3141 1356 3219 jam
1380 3162 1411 3202 se

321 3236 357 3295 ad
391 3255 453 3295 sam
486 3256 547 3297 rem
580 3243 692 3315 paratos
724 3255 781 3295 esse
814 3236 946 3296 arbitrati
979 3244 1055 3310 sunt,
1082 3237 1187 3315 oppida
1219 3257 1271 3299 sua
1303 3240 1409 3313 omnia,

322 3352 440 3392 numero
465 3333 502 3393 ad
530 3333 688 3405 duodecim,
713 3334 790 3391 vicos
826 3333 863 3393 ad
889 3333 1120 3412 quadringentos,
1152 3335 1263 3412 reliqua
1295 3337 1407 3415 privata

321 3429 440 3490 aedificia
458 3431 624 3503 incendunt,
645 3430 821 3490 frumentum
839 3450 929 3503 omne,
943 3439 1047 3509 prater
1059 3431 1135 3508 quod
1155 3452 1249 3491 secum
1267 3433 1409 3510 portaturi

320 3534 409 3599 mant,
424 3528 601 3599 comburunt,
620 3534 662 3600 ut,
683 3527 800 3586 domum
821 3528 969 3588 reditionis
988 3548 1038 3608 spe
1057 3529 1178 3599 sublata,
1198 3530 1352 3606 paratiores
1371 3530 1408 3591 ad

321 3624 417 3685 omnia
429 3625 555 3703 pericula
567 3624 715 3684 subeunda
734 3632 825 3684 essent
837 3646 845 3684 ε
865 3626 955 3685 trium
967 3625 1107 3685 mensium
1120 3626 1222 3689 molita
1233 3626 1340 3685 cibaria
1352 3627 1407 3686 sibi

320 3741 462 3800 quemque
479 3722 562 3781 domo
582 3722 679 3782 efferre
694 3722 807 3800 jubent.
850 3722 1023 3783 Persuadent
1042 3724 1176 3783 Rauracis
1189 3730 1218 3782 et
1232 3722 1363 3801 Tulingis
1379 3731 1410 3784 et

323 3820 484 3898 Latobrigis
506 3820 646 3893 finitimis,
666 3821 720 3889 uti,
743 3821 839 3880 eodem
861 3821 905 3880 usi
925 3821 1050 3893 oonsilio,
1070 3821 1184 3901 oppidis
1204 3821 1262 3881 suis
1281 3821 1410 3899 vicisque

322 3917 439 3990 exustis,
459 3936 603 3977 unacum
624 3917 660 3976 iis
683 3917 917 3996 proficiscantur:
938 3917 1086 3996 Boiosque,
1106 3919 1158 3997 qui
1175 3926 1253 3979 trans
1273 3918 1408 3979 Rhenum

320 4014 499 4073 incoluerant
520 4022 549 4073 et
573 4014 605 4073 in
627 4034 728 4092 agrum
748 4013 886 4076 Noricum
908 4017 1079 4077 transierant
1107 4016 1296 4095 Noreiamque
1322 4036 1412 4097 oppu-

318 4118 448 4189 gnarunt,
462 4117 585 4189 receptos
598 4111 635 4170 ad
648 4130 678 4171 se
690 4111 778 4170 socios
791 4111 847 4171 eibi
860 4112 1031 4173 adscbcunt.

358 4207 411 4266 VI.
433 4208 523 4267 Erant
545 4208 661 4269 omniuo
687 4207 791 4268 itinera
815 4208 881 4280 duo,
907 4211 1013 4288 quibus
1034 4212 1187 4271 itineribus
1215 4212 1299 4272 domo
1329 4212 1409 4273 exire

318 4312 451 4385 ponent:
471 4325 562 4364 unum
583 4325 635 4383 per
655 4304 808 4383 Sequanos,
828 4314 984 4386 angustum
1002 4316 1032 4368 et
1051 4307 1176 4381 difficile,
1189 4309 1266 4370 inter
1282 4317 1409 4370 montem

318 4401 339 4460 J
340 4421 422 4462 uram
434 4408 465 4462 et
477 4402 583 4463 flumen
594 4400 772 4477 Rhodanum,
782 4403 834 4465 vix
843 4424 902 4482 qna
911 4404 1019 4483 singuli
1032 4405 1105 4467 carri
1118 4406 1310 4481 ducerentur;
1328 4425 1409 4467 mous
