3202 5076
591 394 883 455 rauracorum.
1224 378 1285 452 lxv

191 562 294 627 facere
313 558 511 647 adroganter,
529 580 624 643 qnam
649 566 705 624 aut
729 558 769 623 de
791 557 891 624 officio
908 558 1105 645 imperatoris
1123 561 1286 647 desperare

192 671 249 728 aut
271 662 467 748 praescribere
481 660 671 727 viderentur.
716 658 796 724 Haec
810 659 869 724 sibi
884 682 950 726 esse
965 683 1068 735 ουτως
1093 662 1286 727 frumentum

193 763 364 847 Sequanos,
390 763 518 838 Leucos,
548 759 707 846 Lingonas
728 760 984 836 subministrare;
1007 759 1137 847 jamque
1163 785 1229 828 esse
1254 763 1286 826 in

191 863 276 949 agris
290 862 448 929 frumenta
461 868 607 935 matura;
632 859 671 924 de
701 859 811 925 itinere
838 861 920 946 ipsos
936 861 1022 926 brevi
1040 869 1180 948 tempore
1199 860 1286 949 judi·

191 971 326 1029 caturos.
370 961 461 1045 Quod
478 983 540 1026 nou
562 961 627 1025 fore
649 959 734 1026 dicto
748 960 911 1026 audientes
934 961 1059 1040 milites,
1073 985 1172 1047 neque
1199 963 1287 1048 signa

192 1062 287 1129 laturi
302 1061 457 1140 dicautur,
474 1060 549 1127 nibil
572 1083 605 1126 se
627 1083 664 1126 ea
678 1084 712 1125 re
728 1059 935 1126 commoveri:
959 1062 1037 1127 seire
1052 1063 1145 1141 enim,
1159 1063 1286 1147 quibus·

193 1186 326 1247 cumque
341 1162 497 1228 exercitus
511 1162 596 1225 dicto
608 1160 739 1226 audiens
751 1183 813 1226 non
829 1160 934 1239 firerit,
949 1170 1015 1241 aut,
1032 1164 1114 1227 male
1138 1186 1170 1228 re
1185 1173 1284 1248 gesta,

192 1263 351 1329 fortunam
368 1263 520 1336 defuisse3
547 1269 613 1341 aut,
639 1262 742 1347 aliquo
763 1261 898 1326 facinore
924 1271 1092 1349 comperto,
1120 1264 1284 1329 avaritiam

193 1386 260 1430 esse
274 1364 457 1443 convictam.
510 1361 606 1427 Suam
621 1360 829 1427 innocentiam
846 1370 996 1448 perpetua
1010 1364 1086 1441 vita,
1102 1364 1283 1430 felicitatem

194 1461 413 1529 Helvetiorum
437 1462 519 1529 bello
535 1484 601 1528 esse
624 1470 828 1549 perspectam.
875 1453 988 1547 ltaque
1009 1486 1053 1542 se,
1070 1465 1151 1549 quod
1167 1465 1197 1529 in
1219 1464 1284 1528 lon·

191 1563 310 1651 piorem
336 1563 419 1629 diem
445 1562 613 1630 collaturus
644 1571 735 1641 esset,
761 1570 1056 1648 repraesentaturum
1083 1573 1116 1630 et
1142 1564 1285 1651 proxima

191 1674 282 1730 nocte
312 1663 351 1729 de
378 1673 489 1748 quarta
511 1663 618 1749 vigilia
642 1672 744 1729 castra
768 1671 938 1739 moturum,
966 1670 1002 1729 ut
1032 1665 1283 1751 quamprimum

191 1764 364 1851 intelligere
385 1771 499 1849 posset,
523 1772 629 1830 utrum
649 1764 733 1849 apud
758 1786 811 1829 eos
834 1763 934 1848 pudor
957 1771 1052 1848 atque
1077 1764 1221 1844 officium,
1243 1788 1284 1831 an

190 1864 287 1931 timor
304 1865 429 1931 valeret.
480 1863 572 1947 Quod
599 1864 625 1930 si
651 1872 800 1949 praeterea
822 1886 914 1929 nemo
938 1873 1096 1949 sequatur,
1119 1874 1225 1931 tamen
1251 1889 1284 1932 se

191 1987 267 2029 cum
290 1965 355 2030 sola
378 1963 499 2030 decima
513 1964 633 2051 legione
647 1965 774 2044 iturum,
793 1963 832 2028 de
853 1986 915 2048 qua
928 1986 990 2030 non
1006 1965 1187 2041 dubitaret3
1211 1966 1284 2032 sibi·

191 2087 255 2149 que
276 2087 344 2130 eam
358 2065 535 2151 praetoriam
553 2065 710 2129 cohortem
726 2063 895 2132 futuram.”
947 2063 1033 2130 Huic
1049 2065 1163 2152 legioni
1180 2067 1285 2134 Caesar

192 2172 226 2230 et
266 2164 433 2232 indulserat
475 2164 641 2252 praecipue,
681 2172 714 2230 et
755 2171 881 2250 propter
920 2164 1069 2230 virtutem
1107 2166 1283 2233 confidebat

189 2264 339 2332 maxime.

237 2365 336 2432 XLI.
360 2365 433 2431 Hac
461 2366 600 2432 oratione
624 2363 744 2442 habita,
774 2363 886 2429 nrimm
910 2365 944 2429 in
969 2365 1096 2431 modum
1128 2389 1283 2433 conversae

190 2466 427 2532 santumnium
448 2472 578 2544 mentes,
603 2486 784 2550 summeque
806 2463 953 2529 alacritas
977 2473 1010 2529 et
1031 2465 1186 2552 cupiditas
1210 2469 1283 2533 belli
1412 2532 1414 2537 .

189 2566 318 2652 gerendi
342 2567 450 2632 innata
480 2574 537 2644 est,
562 2566 763 2651 princepsque
794 2564 916 2630 decima
944 2564 1025 2651 legio
1055 2588 1112 2651 per
1142 2568 1283 2633 tribunos

189 2667 326 2733 militurn
340 2667 370 2731 ei
383 2666 501 2753 gratias
520 2666 594 2752 egit,
610 2664 692 2750 quod
716 2664 756 2729 de
770 2687 802 2731 se
819 2666 971 2752 optimum
979 2663 1135 2749 judicium
1149 2668 1282 2745 fecisset,

190 2789 284 2852 seque
309 2789 375 2833 esse
402 2766 444 2831 ad
468 2766 583 2831 bellum
607 2765 778 2853 gerendum
813 2764 1042 2851 paratissimam
1076 2766 1282 2833 confirmavit.

190 2866 314 2933 Deinde
336 2866 462 2952 reliqua
489 2866 624 2952 legiones
647 2888 703 2952 per
726 2866 870 2931 tribunos
894 2866 1029 2932 militum
1056 2874 1088 2932 et
1111 2868 1282 2954 primorum

189 2967 334 3032 ordinum
367 2964 561 3033 centuriones
592 2974 731 3053 egerunt,
758 2966 805 3031 nti
835 2966 949 3032 Caesari
976 2967 1211 3034 satisfacerentr
1249 2992 1282 3035 se

189 3089 289 3153 neque
317 3089 466 3152 umquam
493 3065 661 3145 dubitasse,
677 3088 776 3150 neque
801 3066 950 3144 timuisse,
973 3090 1072 3152 neque
1096 3069 1134 3133 de
1160 3091 1282 3134 summa

190 3166 263 3232 belli
302 3190 392 3235 suum
419 3164 584 3254 judicium,
620 3166 675 3233 sed
708 3166 903 3252 imperatoris
927 3189 1004 3243 esee,
1046 3168 1282 3235 existimaviase.

190 3266 312 3333 Eorum
338 3267 548 3334 satisfactione
569 3275 698 3352 accepta
712 3275 745 3333 et
767 3268 877 3332 itinere
893 3267 1048 3351 exquisito
1066 3292 1121 3354 per
1145 3269 1282 3335 Divitia·

189 3390 270 3448 cum,
294 3368 376 3453 quod
400 3390 441 3432 ex
463 3367 532 3433 aliis
557 3367 585 3432 ei
611 3366 781 3432 maximam
807 3365 900 3432 fidem
928 3367 1074 3447 habebat,
1089 3378 1126 3434 at
1149 3369 1280 3435 millium

188 3469 323 3555 amplius
336 3467 560 3554 qninquaginta
583 3466 714 3533 circuitu
736 3467 811 3532 locis
832 3465 949 3554 apertis
964 3470 1135 3533 exercitum
1153 3469 1280 3535 duceret

189 3567 230 3633 de
250 3577 363 3654 quarta
390 3568 507 3654 vigilia,
532 3575 569 3632 ut
600 3567 732 3646 dixerat,
760 3568 918 3653 profectus
948 3575 1007 3633 est.
1053 3568 1194 3656 Septimo
1217 3569 1277 3646 die,

190 3690 285 3752 quum
300 3670 361 3734 iter
380 3690 442 3734 non
470 3667 703 3744 intermitteret,
727 3668 769 3732 ab
791 3666 1038 3753 exploratoribus
1052 3670 1164 3734 certior
1178 3670 1280 3735 factus

188 3776 246 3847 est,
272 3769 427 3835 Ariovisti
449 3769 556 3855 copias
580 3790 600 3832 a
621 3766 735 3834 nostris
760 3767 897 3834 millibus
918 3790 1064 3854 passuum
1089 3779 1223 3854 quatuor
1245 3779 1278 3835 et

187 3869 299 3954 viginti
313 3869 429 3936 abesse.

231 3968 348 4034 XLII.
371 3968 505 4056 Cognito
535 3967 668 4035 Oasaris
700 3967 849 4043 adventu,
874 3967 1054 4033 Ariovistus
1088 3969 1208 4054 legatos
1236 3971 1277 4036 ad

185 4091 259 4134 eum
286 4069 404 4137 mittit:
429 4069 512 4154 quod
538 4075 632 4134 antea
651 4067 689 4133 de
715 4067 866 4152 colloquio
889 4067 1085 4154 postulasset,
1111 4068 1143 4133 id
1168 4094 1223 4156 per
1244 4094 1278 4136 se

184 4166 252 4234 fieri
269 4169 371 4249 licere,
389 4169 535 4255 quoniam
560 4168 685 4254 propius
711 4168 911 4234 accessisset:
936 4190 1028 4252 seque
1050 4169 1084 4233 id
1109 4169 1174 4235 sine
1198 4171 1278 4257 peri·

183 4270 255 4335 culo
286 4269 388 4335 faeere
426 4292 516 4356 posse
554 4267 742 4334 existimare.
802 4268 874 4333 Non
913 4269 1031 4354 respuit
1067 4269 1277 4335 conditionem

186 4367 311 4437 Gerar:
345 4368 474 4456 jamque
511 4390 583 4436 eum
620 4369 661 4434 ad
698 4370 864 4437 sanitatem
900 4369 1014 4434 reverti
1050 4369 1276 4447 arbitrabatur,

1103 4470 1136 4551 s
