3202 5076
271 448 346 518 lxiv
557 463 634 517 nnn
656 462 838 518 ananius
860 462 908 518 os
932 462 1097 518 ricinus.

270 626 544 714 perturbabantur.
600 623 661 706 Qui
692 647 726 688 se
754 647 794 688 ex
824 624 873 690 his
912 625 1017 690 minus
1040 625 1169 691 timidos
1197 627 1369 694 existimari

270 727 426 803 volebant,
459 748 522 789 non
552 747 585 790 se
616 725 740 790 hostem
765 724 876 801 vereri,
911 725 967 789 sed
996 728 1158 812 angustias
1188 728 1309 794 itineris
1336 737 1369 795 et

270 826 518 913 magnitudinem
546 826 706 900 silvarum,
722 848 791 908 quae
814 825 1045 891 intercederent
1071 827 1153 892 inter
1175 828 1258 914 ipsos
1274 838 1368 913 atque

271 927 476 1003 Ariovistum,
498 934 554 991 aut
569 949 634 990 rem
648 926 895 1001 frumentariam,
909 934 946 990 ut
963 925 1040 993 satis
1055 929 1218 993 commode
1239 952 1369 1016 suppor-

271 1029 331 1093 tari
355 1034 470 1113 posset,
486 1027 597 1092 timere
622 1026 779 1092 dicebant.
825 1026 975 1090 Nonnulli
1001 1028 1098 1092 etiam
1113 1027 1228 1094 Caesari
1256 1052 1369 1095 renun-

270 1130 405 1205 ciabant,
424 1150 519 1212 quum
537 1135 640 1192 castra
655 1126 775 1191 moveri
789 1149 826 1191 ao
843 1126 933 1212 signa
953 1127 1026 1191 ferri
1038 1126 1193 1214 jussisset,
1215 1152 1278 1194 non
1303 1130 1369 1196 fore

270 1229 356 1294 dicto
371 1229 534 1293 audientes
549 1228 673 1303 milites,
697 1249 796 1311 neque
814 1237 941 1313 propter
955 1226 1101 1293 timorem
1118 1230 1207 1315 signa
1223 1230 1352 1296 laturos.

325 1329 402 1396 XL.
438 1328 518 1393 Hac
556 1348 651 1412 quum
693 1327 978 1405 animadvertisset,
1017 1337 1189 1394 convocato
1228 1331 1366 1408 consilio,

269 1430 469 1514 omniumque
494 1428 638 1495 ordinum
662 1427 704 1492 ad
729 1428 762 1491 id
777 1428 938 1492 consilium
961 1428 1110 1495 adhibitis
1124 1431 1367 1509 centurionibus,

272 1531 471 1595 vehementer
499 1552 552 1594 eos
586 1529 764 1593 incusavit:
803 1528 968 1613 ‘primum‚
1003 1529 1097 1613 quod,
1127 1540 1183 1595 aut
1213 1554 1307 1615 qnam
1336 1532 1369 1597 in

271 1647 402 1716 partem,
428 1638 484 1695 aut
508 1653 570 1715 quo
595 1628 724 1694 concilio
748 1628 947 1703 ducerentur,
987 1629 1045 1694 sibi
1081 1631 1282 1714 quarendum
1312 1642 1368 1698 aut

271 1730 472 1817 cogitandum
496 1737 654 1816 putarent.
706 1729 913 1806 Ariovistum,
945 1752 978 1794 se
1008 1731 1142 1804 consule,
1168 1731 1367 1816 cupidissime

270 1833 377 1917 populi
403 1830 539 1895 Romani
554 1830 725 1895 amicitiam
753 1828 929 1914 adpetisse3
962 1853 1017 1895 cur
1042 1830 1125 1896 hunc
1154 1839 1220 1896 tam
1250 1840 1367 1897 temere

270 1932 433 2016 quisquam
447 1931 488 1995 ab
502 1930 602 1995 officio
618 1931 823 1996 discessurum
843 1927 1023 2015 judicaret?
1069 1930 1135 1996 Sibi
1151 1932 1275 2015 quidem
1299 1956 1367 2019 per·

271 2031 404 2109 suaderi,
426 2031 559 2117 cognitis
584 2031 648 2097 suis
670 2030 836 2116 postulatis
861 2037 956 2115 atque
980 2031 1128 2115 aequitate
1154 2032 1367 2098 conditionum

270 2140 443 2219 perspecta,
471 2154 543 2196 eum
567 2154 666 2216 neque
691 2153 790 2208 mam,
813 2152 913 2214 neque
942 2132 1048 2217 populi
1073 2131 1209 2198 Romani
1231 2134 1366 2219 gratiam

271 2233 518 2318 repudiaturum.
549 2232 641 2314 Quod
657 2231 683 2297 si
700 2231 804 2297 furore
818 2239 913 2314 atque
927 2231 1066 2297 amentia
1086 2233 1237 2318 impulsus
1252 2234 1367 2298 bellum

271 2333 437 2409 intulisset,
453 2332 529 2416 quid
551 2333 679 2397 tandem
705 2333 911 2397 vererentur!
932 2339 989 2396 aut
1014 2355 1070 2397 cur
1095 2332 1135 2397 de
1164 2355 1221 2399 sua
1236 2335 1365 2410 virtute,

271 2434 390 2509 auide
414 2433 510 2519 ipsius
535 2432 698 2519 diligentia
723 2432 948 2518 desperarent?
1006 2430 1142 2497 Factum
1176 2431 1243 2519 ejus
1268 2433 1367 2500 hostis

270 2534 442 2620 periculum
478 2542 602 2618 patrum
635 2540 811 2598 nostrorum
836 2532 995 2610 memoria,
1024 2555 1129 2617 quum,
1161 2530 1295 2599 Cimbris
1332 2543 1365 2599 et

272 2634 423 2700 Teutonis
449 2656 470 2698 a
486 2633 522 2699 (l.
541 2633 645 2698 Mario
669 2632 774 2719 pulsis,
794 2655 855 2696 non
881 2633 1032 2697 minorem
1057 2633 1182 2698 laudem
1200 2633 1366 2713 exercitus,

271 2758 364 2820 quam
380 2735 446 2819 ipse
459 2735 638 2820 imperator,
655 2734 785 2798 meritus
800 2732 985 2797 videbatur:
1009 2732 1129 2798 factum
1151 2735 1246 2800 etiam
1269 2756 1368 2820 nuper

271 2836 303 2900 in
320 2836 415 2900 Italia
436 2834 538 2900 servili
554 2834 703 2908 tumultu,
720 2856 796 2917 quos
811 2841 917 2898 tamen
932 2833 1050 2918 aliquid
1064 2856 1139 2917 usus
1152 2857 1190 2900 ac
1205 2834 1368 2921 disciplina

272 2959 365 3019 qnam
393 2959 414 3000 a
440 2934 529 3000 nobis
560 2934 760 3019 accepissent,
793 2932 1002 2999 sublevarent.
1063 2934 1116 2999 Ex
1145 2958 1206 3019 quo
1231 2934 1367 3022 judicari

272 3044 385 3120 posset,
411 3049 563 3120 quantum
591 3034 720 3098 haberet
745 3033 834 3099 inse
862 3034 935 3098 boni
963 3034 1165 3109 constantia3
1203 3043 1368 3122 propterea

272 3134 364 3219 quod,
381 3159 457 3220 quos
487 3134 677 3221 aliquamdiu
708 3133 842 3199 inermos
870 3132 936 3199 sine
966 3156 1076 3200 caussa
1099 3136 1284 3213 timuissent,
1311 3138 1368 3201 hos

272 3243 382 3321 postea
407 3245 544 3301 armatos
569 3258 606 3300 ac
637 3236 769 3299 victores
792 3244 998 3320 superassent.
1044 3235 1188 3320 Denique
1215 3237 1273 3302 hos
1302 3258 1368 3302 esse

272 3335 406 3415 eosdem,
423 3337 605 3421 quibuscum
619 3357 829 3421 saepenumero
846 3334 986 3399 Helvetii
1002 3336 1166 3421 congressi,
1182 3358 1244 3401 non
1267 3338 1368 3402 solum

273 3436 306 3500 in
320 3436 393 3515 suis,
410 3437 573 3502 sedetiam
588 3438 620 3502 in
637 3436 760 3501 illorum
775 3433 897 3509 linibus,
913 3435 1093 3520 plerumque
1115 3437 1300 3521 superarint,
1315 3437 1367 3521 qui

273 3543 379 3601 tamen
405 3560 495 3623 pares
520 3560 585 3602 esse
610 3548 717 3603 nostro
745 3535 896 3600 exercitui
922 3558 984 3599 non
1013 3537 1181 3621 potuerint.
1232 3537 1369 3622 Siquos

271 3637 436 3703 adversum
463 3637 603 3723 proelium
632 3645 664 3702 et
686 3637 762 3723 suga
799 3636 959 3701 Gallorum
991 3644 1210 3712 commoveret,
1243 3638 1309 3713 hos,
1342 3638 1368 3702 si

273 3748 455 3822 quarerent,
472 3739 604 3821 reperire
627 3760 727 3823 posse,
744 3735 950 3801 diuturnitate
966 3736 1038 3801 belli
1063 3736 1243 3823 defatigatis
1258 3736 1366 3814 Gallis,

274 3838 479 3917 Ariovistum,
508 3860 604 3922 quum
638 3838 752 3903 multos
780 3859 902 3901 menses
930 3836 1040 3902 castris
1072 3859 1105 3902 se
1131 3859 1169 3902 ae
1202 3836 1368 3922 paludibus

273 3939 434 4014 tenuisset,
450 3960 550 4023 neque
576 3939 624 4003 sui
640 3945 829 4024 potestatem
853 3937 986 4012 fecisset,
1010 3938 1210 4023 desperantes
1231 3936 1300 4024 jam
1328 3938 1368 4003 de

275 4061 380 4124 pugna
402 4047 434 4103 et
451 4038 605 4124 dispersos
621 4038 725 4104 subito
740 4037 895 4114 adortum,
913 4036 1012 4123 magis
1036 4038 1157 4102 ratione
1173 4044 1205 4103 et
1228 4038 1365 4116 consilio,

274 4161 368 4222 quam
394 4139 520 4215 virtute,
537 4138 655 4204 vicisse.
701 4137 758 4202 Oui
786 4137 898 4202 rationi
920 4146 1029 4203 contra
1055 4138 1196 4204 homines
1221 4139 1369 4204 barbaros

274 4248 369 4323 atque
394 4239 555 4325 imperitos
580 4239 665 4303 locus
691 4238 809 4315 linisset,
824 4240 883 4302 hac
912 4261 951 4303 ne
978 4237 1079 4323 ipsum
1095 4238 1220 4321 quidem
1244 4261 1368 4325 sperare

275 4350 397 4404 nostros
421 4339 576 4405 exercitus
591 4339 660 4424 oapi
685 4361 783 4423 posse.
829 4338 996 4420 Quisnam
1018 4339 1164 4403 timorem
1187 4338 1218 4402 in
1243 4340 1287 4403 rei
1304 4339 1368 4404 fru-

275 4439 435 4505 mentariae
473 4439 704 4506 simulationem
741 4439 960 4524 angustiasque
997 4438 1144 4504 itinerum
1180 4439 1366 4515 conferrent,
