3202 5076
517 398 520 405 ’
637 395 932 454 rsonnoounna.
1216 378 1330 454 lxxvii

235 570 326 643 teret,
366 585 478 649 eosque
516 582 622 649 pugna
657 560 857 648 prohiberet3
896 557 1015 645 sibique
1052 559 1102 627 uti
1142 568 1332 647 potestatem

236 665 366 741 faceret,
394 665 426 729 in
454 662 555 729 Ubios
578 663 699 748 legatos
722 660 890 727 mittendi:
913 682 1045 745 quorum
1068 662 1094 727 si
1117 662 1273 749 principes
1294 685 1332 728 ac

236 772 363 830 senatus
385 764 443 830 sibi
463 760 668 850 jurejurando
692 760 786 827 fidem
811 761 967 840 fecissent,
993 784 1031 826 ea
1051 762 1238 841 conditione,
1262 785 1332 848 qua

237 887 259 929 a
282 864 403 930 (laesare
428 864 571 943 ferretur,
594 885 630 928 se
648 884 759 928 usuros
780 861 1009 927 ostendebant:
1036 862 1077 926 ad
1099 862 1157 928 bas
1181 886 1231 929 res
1256 885 1330 927 con·

239 962 387 1030 ficiendas
401 963 460 1030 sibi
474 964 571 1029 tridui
586 962 722 1049 spatium
737 960 838 1027 daret.
883 961 964 1026 Haec
981 961 1086 1027 omnia
1102 962 1206 1029 Caesar
1221 963 1331 1029 eodem

239 1064 294 1130 illo
308 1064 462 1151 pertinere
476 1064 698 1139 arbitrabatur,
718 1070 765 1140 ut,
788 1060 883 1126 tridui
899 1084 987 1127 mora
1001 1062 1197 1149 interposita,
1213 1064 1332 1149 equites

240 1188 358 1240 eorum,
384 1165 436 1250 qui
461 1164 615 1241 abessent,
637 1172 883 1228 reverterentur:
911 1170 1017 1227 tamen
1039 1186 1106 1228 sese
1127 1185 1191 1229 non
1210 1164 1332 1250 longius

241 1265 377 1331 millibus
403 1286 551 1351 passuum
572 1271 707 1348 quatuor
728 1262 904 1347 aquationis
925 1285 1034 1328 caussa
1058 1286 1272 1348 processurum
1294 1288 1331 1330 eo

241 1366 292 1431 die
309 1365 411 1430 dixit:
437 1364 499 1429 huc
519 1371 642 1450 postero
663 1362 713 1428 die
735 1385 829 1448 quam
853 1362 1093 1447 frequentissimi
1118 1364 1330 1441 convenirent,

239 1473 276 1530 ut
301 1466 341 1531 de
366 1488 473 1530 eorum
496 1463 662 1550 postulatis
681 1470 892 1550 cognosceret.
938 1463 1069 1528 Interim
1092 1463 1131 1528 ad
1157 1467 1330 1550 praefectos,

240 1564 295 1651 qui
316 1588 388 1631 cum
413 1565 497 1631 omni
517 1564 658 1650 equitatu
676 1570 916 1642 antecesserant,
938 1562 1048 1643 mittit,
1067 1564 1119 1649 qui
1138 1565 1331 1643 nunciarent,

240 1688 281 1731 ne
309 1668 414 1732 hostes
438 1665 544 1750 proelio
566 1665 752 1730 lacesserent
774 1671 818 1741 et,
844 1663 870 1730 si
893 1663 952 1749 ipsi
972 1665 1206 1744 lacesserentur,
1238 1666 1332 1731 susti-

242 1776 362 1841 nerent,
378 1766 481 1850 quoad
497 1765 563 1851 ipse
578 1787 648 1830 cnm
666 1764 806 1830 exercitu
820 1764 947 1850 propius
961 1765 1150 1831 accessisset.

286 1865 374 1930 XII.
400 1866 447 1930 At
477 1865 595 1942 hostes,
616 1865 672 1930 ubi
702 1865 838 1951 primurn
867 1873 990 1930 nostros
1018 1865 1139 1950 equites
1164 1889 1331 1953 conspexe-

241 1974 328 2042 runt,
352 1987 482 2050 quorum
503 1973 570 2029 erat
593 1965 727 2050 quinque
748 1964 880 2030 millium
902 1988 1058 2045 numerus,
1080 1987 1175 2050 quum
1193 1967 1251 2053 ipsi
1270 1967 1333 2033 non

242 2066 378 2152 amplius
409 2088 491 2130 noco.
519 2064 637 2148 equites
670 2065 833 2139 haberent,
863 2065 946 2149 quod
977 2065 1008 2144 ii,
1040 2067 1093 2151 qni
1120 2066 1333 2133 frumentandi

244 2189 355 2233 caussa
379 2165 479 2231 ierant
504 2171 591 2230 trans
615 2164 751 2241 Mosam,
773 2164 912 2229 nondum
934 2164 1100 2246 redierant,
1124 2167 1201 2232 nibil
1220 2167 1334 2233 timen-

244 2268 329 2333 tibus
345 2265 468 2343 nostris,
486 2264 569 2350 quod
584 2264 678 2350 legati
693 2286 799 2329 eorum
817 2265 921 2349 paullo
943 2274 1057 2330 antea
1078 2266 1199 2333 Caesare
1221 2269 1333 2335 disces·

247 2376 363 2445 serant,
379 2374 473 2452 atque
489 2366 516 2432 is
531 2365 597 2431 dies
611 2364 744 2430 induciis
764 2372 833 2430 erat
847 2364 888 2429 ab
905 2364 950 2429 eis
966 2365 1093 2450 petitus,
1106 2364 1226 2452 impetu
1240 2368 1334 2447 facto,

246 2468 388 2533 celeriter
402 2476 522 2533 nostros
536 2465 805 2551 perturbaverunt.
851 2464 971 2529 Rursus
981 2465 1195 2532 resistentibus
1209 2468 1334 2543 nostris,

246 2567 468 2634 consuetudine
500 2589 557 2632 sua
583 2566 624 2631 ad
654 2565 748 2652 pedes
780 2564 979 2643 desiluerunt,
1012 2564 1219 2650 subfossisque
1249 2567 1335 2651 equis

241 2668 516 2754 compluribusque
532 2666 645 2732 nostris
660 2664 800 2752 dejectis,
819 2666 953 2751 reliquos
967 2664 999 2728 in
1014 2666 1122 2751 fugam
1138 2665 1336 2754 conjecerunt

246 2778 341 2854 atque
360 2768 407 2832 ita
430 2767 610 2853 perterritos
632 2774 772 2852 egerunt,
794 2774 909 2831 utnon
933 2765 1019 2852 prius
1039 2767 1116 2852 fuga
1141 2766 1334 2847 desisterent,

247 2891 341 2954 qnam
365 2867 397 2931 in
417 2877 617 2952 conspectum
633 2866 766 2952 agminis
780 2865 878 2931 nostri
892 2866 1059 2932 venissent.
1123 2866 1162 2932 In
1177 2891 1214 2934 eo
1230 2869 1338 2954 proelio

246 2992 287 3034 ex
309 2967 464 3053 equitibus
484 2966 599 3033 nostris
623 2964 853 3032 interficiuntur
872 2974 1006 3050 quatuor
1028 2974 1061 3032 et
1077 2968 1284 3054 septuaginta,
1303 2969 1336 3034 iu

245 3069 296 3135 his
312 3069 361 3135 vir
375 3068 571 3144 fortissimus,
590 3067 675 3144 Piso,
691 3065 879 3151 Aquitanos,
895 3066 1085 3152 amplissimo
1105 3090 1217 3154 genere
1233 3078 1337 3148 natus,

247 3167 336 3256 cujus
364 3191 443 3234 avus
472 3167 505 3232 in
530 3167 658 3232 civitate
688 3190 745 3232 sua
773 3188 903 3252 regnum
933 3167 1121 3246 obtinuerat,
1149 3169 1267 3236 amicus
1295 3170 1337 3236 ab

247 3278 360 3336 senatu
379 3276 486 3334 nostro
511 3267 695 3353 adpellatus.
763 3265 827 3331 Hic
858 3288 953 3351 quum
980 3267 1071 3333 fratri
1102 3269 1269 3336 intercluso
1295 3271 1338 3337 ab

247 3370 391 3435 hostibus
405 3367 557 3434 auxilium
578 3367 682 3445 ferret,
699 3367 787 3433 illum
809 3389 850 3431 ex
869 3366 1003 3452 periculo
1020 3368 1152 3454 eripuit:
1176 3370 1241 3456 ipse
1258 3394 1337 3455 equo

246 3470 409 3536 vulnerato
434 3465 583 3554 dejectus,
600 3468 702 3552 quoad
730 3466 844 3553 potuit,
861 3467 1026 3533 fortissime
1050 3468 1177 3536 restitit.
1232 3471 1337 3554 Quum

247 3571 486 3647 circumventus,
511 3567 618 3633 multis
632 3568 810 3633 vulneribus
831 3566 976 3652 acceptis,
999 3567 1171 3649 cecidisset,
1189 3578 1284 3655 atqua
1304 3572 1339 3637 id

246 3672 355 3747 frater,
371 3669 423 3755 qui
438 3666 508 3756 jam
531 3668 637 3753 proelio
652 3675 838 3745 excesserat,
853 3667 960 3753 procul
983 3668 1122 3733 animum
1141 3670 1338 3750 advertisset,

248 3770 380 3836 incitato
397 3792 474 3855 equo
489 3792 522 3834 se
537 3767 679 3834 hostibus
690 3767 806 3832 obtulit
820 3775 915 3851 atque
929 3767 1112 3834 interfectus
1126 3777 1185 3835 est.

299 3866 406 3935 XIII.
439 3869 510 3935 Hoc
530 3869 615 3934 facto
642 3867 759 3954 praelio,
790 3867 896 3933 Oaesar
925 3888 1024 3953 neque
1040 3866 1110 3954 jam
1135 3869 1196 3935 sibi
1216 3869 1339 3956 legatos

247 3969 430 4046 audiendos,
446 3992 546 4055 neque
568 3968 761 4034 conditiones
781 3968 977 4055 accipiendas
998 3969 1210 4037 arbitrabatur
1223 3971 1264 4036 ab
1280 3972 1338 4052 his,

248 4071 301 4155 qui
318 4093 374 4157 per
390 4069 495 4135 dolum
511 4078 606 4154 atque
620 4066 757 4147 insidias,
773 4068 874 4154 petita
886 4090 973 4154 pace,
988 4069 1070 4134 ultro
1086 4069 1203 4136 bellum
1219 4072 1340 4139 intulis-

248 4179 339 4237 sent:
368 4177 549 4256 exspectsre
562 4192 646 4247 vero,
663 4169 738 4234 dum
754 4169 892 4235 hostium
907 4169 1003 4253 copiae
1019 4180 1209 4256 augerentur
1222 4171 1342 4256 equita-

246 4281 359 4356 tusque
373 4276 587 4349 reverteretur,
599 4291 728 4335 summa
738 4268 903 4335 dementiae
915 4291 981 4334 esse
989 4267 1154 4355 judicabat
1165 4279 1207 4349 et,
1216 4272 1345 4357 cognita

246 4371 410 4439 Gallorum
427 4368 785 4456 infirmitata,.quantum
795 4366 864 4456 jam
879 4368 963 4456 apud
978 4392 1031 4436 eos
1052 4370 1159 4437 hostes
1179 4394 1242 4437 uno
1259 4393 1339 4458 proe·
