<?xml version="1.0" encoding="UTF-8"?>
<!DOCTYPE html PUBLIC "-//W3C//DTD XHTML 1.0 Transitional//EN"
    "http://www.w3.org/TR/xhtml1/DTD/xhtml1-transitional.dtd">
<html xmlns="http://www.w3.org/1999/xhtml" xml:lang="en" lang="en">
 <head>
  <title>
</title>
<meta http-equiv="Content-Type" content="text/html;charset=utf-8" />
  <meta name='ocr-system' content='tesseract 3.04.00' />
  <meta name='ocr-capabilities' content='ocr_page ocr_carea ocr_par ocr_line ocrx_word'/>
</head>
<body>
  <div class='ocr_page' id='page_1' title='image "./germaniatacitus02lathgoog/germaniatacitus02lathgoog_0210.png"; bbox 0 0 3264 5086; ppageno 0'>
   <div class='ocr_carea' id='block_1_1' title="bbox 537 438 1320 508">
    <p class='ocr_par' dir='ltr' id='par_1_1' title="bbox 537 438 1320 508">
     <span class='ocr_line' id='line_1_1' title="bbox 537 438 1320 508; baseline -0.013 0"><span class='ocrx_word' id='word_1_1' title='bbox 537 451 638 508; x_wconf 80' lang='lat' dir='ltr'><strong>NO&#39;I&#39;E</strong></span> <span class='ocrx_word' id='word_1_2' title='bbox 664 450 717 506; x_wconf 86' lang='grc' dir='ltr'><strong>ΟΝ</strong></span> <span class='ocrx_word' id='word_1_3' title='bbox 743 448 902 505; x_wconf 80' lang='lat' dir='ltr'><strong>SEC&#39;I&#39;ION</strong></span> <span class='ocrx_word' id='word_1_4' title='bbox 928 446 1020 503; x_wconf 84' lang='lat' dir='ltr'><strong>xvn.</strong></span> <span class='ocrx_word' id='word_1_5' title='bbox 1271 438 1320 508; x_wconf 84' lang='grc'><strong>67</strong></span> 
     </span>
    </p>
   </div>
   <div class='ocr_carea' id='block_1_2' title="bbox 229 603 1324 1835">
    <p class='ocr_par' dir='ltr' id='par_1_2' title="bbox 229 603 1323 1457">
     <span class='ocr_line' id='line_1_2' title="bbox 271 603 1321 689; baseline 0 -25"><span class='ocrx_word' id='word_1_6' title='bbox 271 603 332 665; x_wconf 80' lang='lat' dir='ltr'><strong>The</strong></span> <span class='ocrx_word' id='word_1_7' title='bbox 353 605 444 665; x_wconf 89' lang='lat' dir='ltr'><strong>oldest</strong></span> <span class='ocrx_word' id='word_1_8' title='bbox 462 604 664 666; x_wconf 83' lang='lat' dir='ltr'><strong>exhumetions</strong></span> <span class='ocrx_word' id='word_1_9' title='bbox 681 605 754 689; x_wconf 76' lang='lat' dir='ltr'><strong>hare</strong></span> <span class='ocrx_word' id='word_1_10' title='bbox 771 607 919 685; x_wconf 77' lang='lat' dir='ltr'><strong>presented</strong></span> <span class='ocrx_word' id='word_1_11' title='bbox 936 606 1044 683; x_wconf 84' lang='lat' dir='ltr'><strong>ebody</strong></span> <span class='ocrx_word' id='word_1_12' title='bbox 1057 607 1189 685; x_wconf 83' lang='lat' dir='ltr'><strong>urspped</strong></span> <span class='ocrx_word' id='word_1_13' title='bbox 1202 607 1233 665; x_wconf 90' lang='lat' dir='ltr'><strong>in</strong></span> <span class='ocrx_word' id='word_1_14' title='bbox 1247 608 1321 678; x_wconf 86' lang='lat' dir='ltr'><strong>skin,</strong></span> 
     </span>
     <span class='ocr_line' id='line_1_3' title="bbox 231 701 1321 782; baseline 0.004 -23"><span class='ocrx_word' id='word_1_15' title='bbox 231 701 263 759; x_wconf 94' lang='lat' dir='ltr'><strong>in</strong></span> <span class='ocrx_word' id='word_1_16' title='bbox 276 721 294 761; x_wconf 85' lang='lat' dir='ltr'><strong>a</strong></span> <span class='ocrx_word' id='word_1_17' title='bbox 306 702 385 775; x_wconf 90' lang='lat' dir='ltr'><strong>rude,</strong></span> <span class='ocrx_word' id='word_1_18' title='bbox 400 702 611 782; x_wconf 78' lang='lat' dir='ltr'><strong>coffinshaped,</strong></span> <span class='ocrx_word' id='word_1_19' title='bbox 624 702 823 782; x_wconf 78' lang='lat' dir='ltr'><strong>rough-hewed</strong></span> <span class='ocrx_word' id='word_1_20' title='bbox 841 711 909 763; x_wconf 87' lang='lat' dir='ltr'><strong>tres.</strong></span> <span class='ocrx_word' id='word_1_21' title='bbox 950 703 1011 763; x_wconf 82' lang='lat' dir='ltr'><strong>The</strong></span> <span class='ocrx_word' id='word_1_22' title='bbox 1030 704 1114 776; x_wconf 90' lang='lat' dir='ltr'><strong>dress,</strong></span> <span class='ocrx_word' id='word_1_23' title='bbox 1127 722 1157 762; x_wconf 86' lang='lat' dir='ltr'><strong>as</strong></span> <span class='ocrx_word' id='word_1_24' title='bbox 1177 703 1321 763; x_wconf 81' lang='lat' dir='ltr'><strong>described</strong></span> 
     </span>
     <span class='ocr_line' id='line_1_4' title="bbox 231 798 1321 879; baseline 0.005 -23"><span class='ocrx_word' id='word_1_25' title='bbox 231 798 262 856; x_wconf 91' lang='lat' dir='ltr'><strong>in</strong></span> <span class='ocrx_word' id='word_1_26' title='bbox 277 799 326 858; x_wconf 88' lang='lat' dir='ltr'><strong>the</strong></span> <span class='ocrx_word' id='word_1_27' title='bbox 339 808 452 878; x_wconf 82' lang='lat' dir='ltr'><strong>present</strong></span> <span class='ocrx_word' id='word_1_28' title='bbox 466 820 589 879; x_wconf 73' lang='lat' dir='ltr'><strong>passage,</strong></span> <span class='ocrx_word' id='word_1_29' title='bbox 603 801 719 859; x_wconf 82' lang='lat' dir='ltr'><strong>consiste</strong></span> <span class='ocrx_word' id='word_1_30' title='bbox 732 801 765 859; x_wconf 81' lang='lat' dir='ltr'><strong>of</strong></span> <span class='ocrx_word' id='word_1_31' title='bbox 783 802 884 871; x_wconf 62' lang='grc' dir='ltr'><strong>Ιιίᾶιε]</strong></span> <span class='ocrx_word' id='word_1_32' title='bbox 904 801 975 860; x_wconf 93' lang='lat' dir='ltr'><strong>both</strong></span> <span class='ocrx_word' id='word_1_33' title='bbox 994 822 1024 861; x_wconf 87' lang='lat' dir='ltr'><strong>aa</strong></span> <span class='ocrx_word' id='word_1_34' title='bbox 1046 800 1155 860; x_wconf 84' lang='lat' dir='ltr'><strong>leuther</strong></span> <span class='ocrx_word' id='word_1_35' title='bbox 1172 800 1230 860; x_wconf 85' lang='lat' dir='ltr'><strong>and</strong></span> <span class='ocrx_word' id='word_1_36' title='bbox 1253 801 1321 861; x_wconf 82' lang='lat' dir='ltr'><strong>fure.</strong></span> 
     </span>
     <span class='ocr_line' id='line_1_5' title="bbox 232 895 1322 983; baseline 0.003 -29"><span class='ocrx_word' id='word_1_37' title='bbox 232 895 289 983; x_wconf 83' lang='lat' dir='ltr'><strong>For</strong></span> <span class='ocrx_word' id='word_1_38' title='bbox 311 898 361 958; x_wconf 84' lang='lat' dir='ltr'><strong>the</strong></span> <span class='ocrx_word' id='word_1_39' title='bbox 385 899 478 972; x_wconf 86' lang='lat' dir='ltr'><strong>letter,</strong></span> <span class='ocrx_word' id='word_1_40' title='bbox 502 898 690 959; x_wconf 76' lang='lat' dir='ltr'><strong>Scandinaria</strong></span> <span class='ocrx_word' id='word_1_41' title='bbox 713 918 769 957; x_wconf 86' lang='lat' dir='ltr'><strong>was</strong></span> <span class='ocrx_word' id='word_1_42' title='bbox 791 899 899 958; x_wconf 85' lang='lat' dir='ltr'><strong>famous</strong></span> <span class='ocrx_word' id='word_1_43' title='bbox 923 899 954 957; x_wconf 93' lang='lat' dir='ltr'><strong>in</strong></span> <span class='ocrx_word' id='word_1_44' title='bbox 977 898 1027 958; x_wconf 90' lang='lat' dir='ltr'><strong>the</strong></span> <span class='ocrx_word' id='word_1_45' title='bbox 1051 897 1168 957; x_wconf 85' lang='lat' dir='ltr'><strong>seventh</strong></span> <span class='ocrx_word' id='word_1_46' title='bbox 1192 906 1322 976; x_wconf 82' lang='lat' dir='ltr'><strong>century.</strong></span> 
     </span>
     <span class='ocr_line' id='line_1_6' title="bbox 229 995 1322 1075; baseline 0.001 -22"><span class='ocrx_word' id='word_1_47' title='bbox 229 995 325 1055; x_wconf 80' lang='lat' dir='ltr'><strong>“Alia</strong></span> <span class='ocrx_word' id='word_1_48' title='bbox 336 1016 403 1056; x_wconf 86' lang='lat' dir='ltr'><strong>rero</strong></span> <span class='ocrx_word' id='word_1_49' title='bbox 421 1015 489 1074; x_wconf 81' lang='lat' dir='ltr'><strong>gens</strong></span> <span class='ocrx_word' id='word_1_50' title='bbox 508 997 550 1056; x_wconf 90' lang='lat' dir='ltr'><strong>ibi</strong></span> <span class='ocrx_word' id='word_1_51' title='bbox 571 1003 698 1056; x_wconf 86' lang='lat' dir='ltr'><strong>moratur</strong></span> <span class='ocrx_word' id='word_1_52' title='bbox 718 995 867 1068; x_wconf 85' lang='lat' dir='ltr'><strong>Suethens,</strong></span> <span class='ocrx_word' id='word_1_53' title='bbox 887 1016 951 1075; x_wconf 84' lang='lat' dir='ltr'><strong>quae</strong></span> <span class='ocrx_word' id='word_1_54' title='bbox 971 997 1050 1056; x_wconf 87' lang='lat' dir='ltr'><strong>velut</strong></span> <span class='ocrx_word' id='word_1_55' title='bbox 1070 996 1221 1075; x_wconf 74' lang='lat' dir='ltr'><strong>Thuringi,</strong></span> <span class='ocrx_word' id='word_1_56' title='bbox 1241 997 1322 1074; x_wconf 91' lang='lat' dir='ltr'><strong>equis</strong></span> 
     </span>
     <span class='ocr_line' id='line_1_7' title="bbox 231 1093 1323 1173; baseline 0.002 -23"><span class='ocrx_word' id='word_1_57' title='bbox 231 1097 357 1152; x_wconf 91' lang='lat' dir='ltr'><strong>utuntur</strong></span> <span class='ocrx_word' id='word_1_58' title='bbox 376 1095 497 1154; x_wconf 87' lang='lat' dir='ltr'><strong>eximiis</strong></span> <span class='ocrx_word' id='word_1_59' title='bbox 541 1094 582 1152; x_wconf 91' lang='lat' dir='ltr'><strong>Hi</strong></span> <span class='ocrx_word' id='word_1_60' title='bbox 600 1113 713 1172; x_wconf 88' lang='lat' dir='ltr'><strong>quoque</strong></span> <span class='ocrx_word' id='word_1_61' title='bbox 731 1099 808 1165; x_wconf 88' lang='lat' dir='ltr'><strong>sunt,</strong></span> <span class='ocrx_word' id='word_1_62' title='bbox 821 1094 873 1171; x_wconf 91' lang='lat' dir='ltr'><strong>qui</strong></span> <span class='ocrx_word' id='word_1_63' title='bbox 886 1094 917 1153; x_wconf 92' lang='lat' dir='ltr'><strong>in</strong></span> <span class='ocrx_word' id='word_1_64' title='bbox 931 1114 998 1153; x_wconf 89' lang='lat' dir='ltr'><strong>usus</strong></span> <span class='ocrx_word' id='word_1_65' title='bbox 1012 1093 1205 1153; x_wconf 84' lang='lat' dir='ltr'><strong>Romanorum</strong></span> <span class='ocrx_word' id='word_1_66' title='bbox 1219 1093 1323 1173; x_wconf 79' lang='lat' dir='ltr'><strong>Sophi-</strong></span> 
     </span>
     <span class='ocr_line' id='line_1_8' title="bbox 230 1189 1322 1270; baseline 0.002 -21"><span class='ocrx_word' id='word_1_67' title='bbox 230 1189 308 1249; x_wconf 82' lang='lat' dir='ltr'><strong>rinss</strong></span> <span class='ocrx_word' id='word_1_68' title='bbox 330 1191 417 1269; x_wconf 87' lang='lat' dir='ltr'><strong>pelles</strong></span> <span class='ocrx_word' id='word_1_69' title='bbox 439 1191 607 1251; x_wconf 89' lang='lat' dir='ltr'><strong>commercio</strong></span> <span class='ocrx_word' id='word_1_70' title='bbox 631 1192 837 1251; x_wconf 83' lang='lat' dir='ltr'><strong>interveniente</strong></span> <span class='ocrx_word' id='word_1_71' title='bbox 863 1211 913 1270; x_wconf 91' lang='lat' dir='ltr'><strong>per</strong></span> <span class='ocrx_word' id='word_1_72' title='bbox 939 1192 1010 1251; x_wconf 80' lang='lat' dir='ltr'><strong>nlius</strong></span> <span class='ocrx_word' id='word_1_73' title='bbox 1034 1192 1198 1251; x_wconf 87' lang='lat' dir='ltr'><strong>innumeras</strong></span> <span class='ocrx_word' id='word_1_74' title='bbox 1225 1204 1322 1268; x_wconf 86' lang='lat' dir='ltr'><strong>gentes</strong></span> 
     </span>
     <span class='ocr_line' id='line_1_9' title="bbox 231 1288 1323 1369; baseline 0.005 -23"><span class='ocrx_word' id='word_1_75' title='bbox 231 1289 442 1362; x_wconf 84' lang='lat' dir='ltr'><strong>transmittunt,</strong></span> <span class='ocrx_word' id='word_1_76' title='bbox 461 1289 561 1349; x_wconf 83' lang='lat' dir='ltr'><strong>famosi</strong></span> <span class='ocrx_word' id='word_1_77' title='bbox 584 1289 705 1367; x_wconf 90' lang='lat' dir='ltr'><strong>pellium</strong></span> <span class='ocrx_word' id='word_1_78' title='bbox 728 1288 828 1348; x_wconf 83' lang='lat' dir='ltr'><strong>decors</strong></span> <span class='ocrx_word' id='word_1_79' title='bbox 844 1289 1006 1368; x_wconf 82' lang='lat' dir='ltr'><strong>nigredine.</strong></span> <span class='ocrx_word' id='word_1_80' title='bbox 1046 1288 1088 1348; x_wconf 88' lang='lat' dir='ltr'><strong>Hi</strong></span> <span class='ocrx_word' id='word_1_81' title='bbox 1112 1309 1202 1366; x_wconf 90' lang='lat' dir='ltr'><strong>quum</strong></span> <span class='ocrx_word' id='word_1_82' title='bbox 1225 1290 1323 1369; x_wconf 87' lang='lat' dir='ltr'><strong>inopes</strong></span> 
     </span>
     <span class='ocr_line' id='line_1_10' title="bbox 231 1384 1193 1457; baseline 0.003 -15"><span class='ocrx_word' id='word_1_83' title='bbox 231 1384 343 1457; x_wconf 82' lang='lat' dir='ltr'><strong>vivunt,</strong></span> <span class='ocrx_word' id='word_1_84' title='bbox 357 1386 496 1446; x_wconf 90' lang='lat' dir='ltr'><strong>ditissime</strong></span> <span class='ocrx_word' id='word_1_85' title='bbox 509 1385 874 1446; x_wconf 55' lang='lat' dir='ltr'><strong>vestiuntur-tomani.</strong></span> <span class='ocrx_word' id='word_1_86' title='bbox 897 1386 940 1446; x_wconf 89' lang='lat' dir='ltr'><strong>De</strong></span> <span class='ocrx_word' id='word_1_87' title='bbox 954 1387 1024 1446; x_wconf 86' lang='lat' dir='ltr'><strong>Reb.</strong></span> <span class='ocrx_word' id='word_1_88' title='bbox 1047 1385 1110 1446; x_wconf 81' lang='lat' dir='ltr'><strong>Get</strong></span> <span class='ocrx_word' id='word_1_89' title='bbox 1125 1406 1149 1445; x_wconf 86' lang='lat' dir='ltr'><strong>c.</strong></span> <span class='ocrx_word' id='word_1_90' title='bbox 1165 1387 1193 1445; x_wconf 87' lang='lat'><strong>3.</strong></span> 
     </span>
    </p>

    <p class='ocr_par' dir='ltr' id='par_1_3' title="bbox 231 1482 1324 1835">
     <span class='ocr_line' id='line_1_11' title="bbox 272 1482 1324 1563; baseline 0.003 -22"><span class='ocrx_word' id='word_1_91' title='bbox 272 1482 333 1542; x_wconf 73' lang='lat' dir='ltr'><strong>rte</strong></span> <span class='ocrx_word' id='word_1_92' title='bbox 351 1483 420 1562; x_wconf 81' lang='lat' dir='ltr'><strong>long</strong></span> <span class='ocrx_word' id='word_1_93' title='bbox 437 1485 552 1562; x_wconf 78' lang='lat' dir='ltr'><strong>flowing</strong></span> <span class='ocrx_word' id='word_1_94' title='bbox 569 1485 675 1544; x_wconf 88' lang='lat' dir='ltr'><strong>dresses</strong></span> <span class='ocrx_word' id='word_1_95' title='bbox 687 1485 720 1543; x_wconf 87' lang='lat' dir='ltr'><strong>of</strong></span> <span class='ocrx_word' id='word_1_96' title='bbox 738 1485 787 1544; x_wconf 89' lang='lat' dir='ltr'><strong>the</strong></span> <span class='ocrx_word' id='word_1_97' title='bbox 801 1484 976 1545; x_wconf 78' lang='lat' dir='ltr'><strong>Sarmaticus</strong></span> <span class='ocrx_word' id='word_1_98' title='bbox 989 1505 1061 1544; x_wconf 87' lang='lat' dir='ltr'><strong>were</strong></span> <span class='ocrx_word' id='word_1_99' title='bbox 1072 1483 1175 1561; x_wconf 83' lang='lat' dir='ltr'><strong>chiefly</strong></span> <span class='ocrx_word' id='word_1_100' title='bbox 1188 1485 1271 1544; x_wconf 86' lang='lat' dir='ltr'><strong>mede</strong></span> <span class='ocrx_word' id='word_1_101' title='bbox 1285 1486 1324 1563; x_wconf 85' lang='lat' dir='ltr'><strong>by</strong></span> 
     </span>
     <span class='ocr_line' id='line_1_12' title="bbox 232 1579 1322 1660; baseline 0.004 -23"><span class='ocrx_word' id='word_1_102' title='bbox 232 1579 281 1638; x_wconf 86' lang='lat' dir='ltr'><strong>the</strong></span> <span class='ocrx_word' id='word_1_103' title='bbox 302 1600 412 1659; x_wconf 85' lang='lat' dir='ltr'><strong>process</strong></span> <span class='ocrx_word' id='word_1_104' title='bbox 430 1582 462 1641; x_wconf 82' lang='lat' dir='ltr'><strong>of</strong></span> <span class='ocrx_word' id='word_1_105' title='bbox 473 1583 586 1659; x_wconf 61' lang='grc' dir='ltr'><strong>Μίνῳ,</strong></span> <span class='ocrx_word' id='word_1_106' title='bbox 601 1582 680 1641; x_wconf 87' lang='lat' dir='ltr'><strong>those</strong></span> <span class='ocrx_word' id='word_1_107' title='bbox 693 1582 725 1640; x_wconf 85' lang='lat' dir='ltr'><strong>of</strong></span> <span class='ocrx_word' id='word_1_108' title='bbox 743 1581 793 1641; x_wconf 88' lang='lat' dir='ltr'><strong>the</strong></span> <span class='ocrx_word' id='word_1_109' title='bbox 815 1582 974 1655; x_wconf 70' lang='lat' dir='ltr'><strong>Parthians,</strong></span> <span class='ocrx_word' id='word_1_110' title='bbox 992 1583 1031 1660; x_wconf 85' lang='lat' dir='ltr'><strong>by</strong></span> <span class='ocrx_word' id='word_1_111' title='bbox 1045 1581 1109 1641; x_wconf 90' lang='lat' dir='ltr'><strong>that</strong></span> <span class='ocrx_word' id='word_1_112' title='bbox 1129 1582 1162 1640; x_wconf 86' lang='lat' dir='ltr'><strong>of</strong></span> <span class='ocrx_word' id='word_1_113' title='bbox 1178 1583 1301 1657; x_wconf 77' lang='lat' dir='ltr'><strong>weaciup</strong></span> <span class='ocrx_word' id='word_1_114' title='bbox 1309 1605 1322 1652; x_wconf 79' lang='lat'><strong>,-</strong></span> 
     </span>
     <span class='ocr_line' id='line_1_13' title="bbox 232 1677 1324 1756; baseline 0.001 -20"><span class='ocrx_word' id='word_1_115' title='bbox 232 1679 299 1735; x_wconf 81' lang='lat' dir='ltr'><strong>wool</strong></span> <span class='ocrx_word' id='word_1_116' title='bbox 312 1678 399 1756; x_wconf 78' lang='lat' dir='ltr'><strong>being</strong></span> <span class='ocrx_word' id='word_1_117' title='bbox 410 1677 460 1740; x_wconf 87' lang='lat' dir='ltr'><strong>the</strong></span> <span class='ocrx_word' id='word_1_118' title='bbox 472 1679 551 1738; x_wconf 79' lang='lat' dir='ltr'><strong>chief</strong></span> <span class='ocrx_word' id='word_1_119' title='bbox 560 1680 690 1739; x_wconf 83' lang='lat' dir='ltr'><strong>material</strong></span> <span class='ocrx_word' id='word_1_120' title='bbox 703 1679 735 1738; x_wconf 84' lang='lat' dir='ltr'><strong>of</strong></span> <span class='ocrx_word' id='word_1_121' title='bbox 745 1679 794 1739; x_wconf 90' lang='lat' dir='ltr'><strong>the</strong></span> <span class='ocrx_word' id='word_1_122' title='bbox 806 1680 918 1754; x_wconf 82' lang='lat' dir='ltr'><strong>former,</strong></span> <span class='ocrx_word' id='word_1_123' title='bbox 929 1680 1005 1754; x_wconf 78' lang='lat' dir='ltr'><strong>wool,</strong></span> <span class='ocrx_word' id='word_1_124' title='bbox 1016 1688 1112 1751; x_wconf 74' lang='lat' dir='ltr'><strong>cotton,</strong></span> <span class='ocrx_word' id='word_1_125' title='bbox 1122 1678 1179 1738; x_wconf 88' lang='lat' dir='ltr'><strong>and</strong></span> <span class='ocrx_word' id='word_1_126' title='bbox 1192 1698 1262 1737; x_wconf 87' lang='lat' dir='ltr'><strong>eren</strong></span> <span class='ocrx_word' id='word_1_127' title='bbox 1271 1679 1324 1738; x_wconf 81' lang='lat' dir='ltr'><strong>silk</strong></span> 
     </span>
     <span class='ocr_line' id='line_1_14' title="bbox 231 1773 430 1835; baseline 0.005 -1"><span class='ocrx_word' id='word_1_128' title='bbox 231 1774 265 1834; x_wconf 82' lang='lat' dir='ltr'><strong>of</strong></span> <span class='ocrx_word' id='word_1_129' title='bbox 276 1773 430 1835; x_wconf 87' lang='lat' dir='ltr'><strong>thelatter.</strong></span> 
     </span>
    </p>
   </div>
   <div class='ocr_carea' id='block_1_3' title="bbox 234 2288 1324 2503">
    <p class='ocr_par' dir='ltr' id='par_1_4' title="bbox 234 2288 1324 2503">
     <span class='ocr_line' id='line_1_15' title="bbox 286 2288 1324 2384; baseline 0 -25"><span class='ocrx_word' id='word_1_130' title='bbox 286 2288 438 2362; x_wconf 89' lang='lat' dir='ltr'><strong>XVIII.</strong></span> <span class='ocrx_word' id='word_1_131' title='bbox 471 2291 695 2384; x_wconf 81' lang='lat' dir='ltr'><strong>Quamquam</strong></span> <span class='ocrx_word' id='word_1_132' title='bbox 717 2312 839 2362; x_wconf 86' lang='lat' dir='ltr'><strong>severe</strong></span> <span class='ocrx_word' id='word_1_133' title='bbox 862 2290 937 2360; x_wconf 91' lang='lat' dir='ltr'><strong>illic</strong></span> <span class='ocrx_word' id='word_1_134' title='bbox 958 2290 1225 2360; x_wconf 86' lang='lat' dir='ltr'><strong>matrimonia:¹</strong></span> <span class='ocrx_word' id='word_1_135' title='bbox 1257 2312 1324 2360; x_wconf 88' lang='lat' dir='ltr'><strong>nec</strong></span> 
     </span>
     <span class='ocr_line' id='line_1_16' title="bbox 234 2405 1322 2503; baseline 0 -26"><span class='ocrx_word' id='word_1_136' title='bbox 234 2406 344 2478; x_wconf 92' lang='lat' dir='ltr'><strong>ullam</strong></span> <span class='ocrx_word' id='word_1_137' title='bbox 371 2432 510 2480; x_wconf 91' lang='lat' dir='ltr'><strong>morum</strong></span> <span class='ocrx_word' id='word_1_138' title='bbox 537 2421 674 2503; x_wconf 83' lang='lat' dir='ltr'><strong>purtem</strong></span> <span class='ocrx_word' id='word_1_139' title='bbox 700 2410 813 2502; x_wconf 81' lang='lat' dir='ltr'><strong>magis</strong></span> <span class='ocrx_word' id='word_1_140' title='bbox 838 2407 1054 2478; x_wconf 81' lang='lat' dir='ltr'><strong>laudaveris:</strong></span> <span class='ocrx_word' id='word_1_141' title='bbox 1095 2429 1177 2476; x_wconf 89' lang='lat' dir='ltr'><strong>nam</strong></span> <span class='ocrx_word' id='word_1_142' title='bbox 1213 2405 1322 2499; x_wconf 69' lang='lat' dir='ltr'><strong>prope</strong></span> 
     </span>
    </p>
   </div>
   <div class='ocr_carea' id='block_1_4' title="bbox 232 2523 1326 4369">
    <p class='ocr_par' dir='ltr' id='par_1_5' title="bbox 232 2523 1326 4369">
     <span class='ocr_line' id='line_1_17' title="bbox 235 2523 1326 2620; baseline 0 -27"><span class='ocrx_word' id='word_1_143' title='bbox 235 2524 300 2594; x_wconf 91' lang='lat' dir='ltr'><strong>soli</strong></span> <span class='ocrx_word' id='word_1_144' title='bbox 325 2525 554 2597; x_wconf 81' lang='lat' dir='ltr'><strong>barbarorum</strong></span> <span class='ocrx_word' id='word_1_145' title='bbox 575 2525 722 2620; x_wconf 83' lang='lat' dir='ltr'><strong>singulis</strong></span> <span class='ocrx_word' id='word_1_146' title='bbox 748 2526 918 2596; x_wconf 86' lang='lat' dir='ltr'><strong>uxoribus</strong></span> <span class='ocrx_word' id='word_1_147' title='bbox 946 2523 1106 2595; x_wconf 87' lang='lat' dir='ltr'><strong>contenti</strong></span> <span class='ocrx_word' id='word_1_148' title='bbox 1130 2533 1233 2593; x_wconf 89' lang='lat' dir='ltr'><strong>sunt:</strong></span> <span class='ocrx_word' id='word_1_149' title='bbox 1265 2546 1326 2593; x_wconf 87' lang='lat' dir='ltr'><strong>ex-</strong></span> 
     </span>
     <span class='ocr_line' id='line_1_18' title="bbox 236 2637 1326 2737; baseline -0.001 -26"><span class='ocrx_word' id='word_1_150' title='bbox 236 2643 349 2734; x_wconf 84' lang='lat' dir='ltr'><strong>eeptis</strong></span> <span class='ocrx_word' id='word_1_151' title='bbox 364 2643 555 2714; x_wconf 81' lang='lat' dir='ltr'><strong>admodum</strong></span> <span class='ocrx_word' id='word_1_152' title='bbox 578 2643 709 2737; x_wconf 79' lang='lat' dir='ltr'><strong>paucis,</strong></span> <span class='ocrx_word' id='word_1_153' title='bbox 734 2643 795 2735; x_wconf 90' lang='lat' dir='ltr'><strong>qui</strong></span> <span class='ocrx_word' id='word_1_154' title='bbox 816 2664 888 2711; x_wconf 90' lang='lat' dir='ltr'><strong>uon</strong></span> <span class='ocrx_word' id='word_1_155' title='bbox 912 2640 1068 2721; x_wconf 90' lang='lat' dir='ltr'><strong>libidine,</strong></span> <span class='ocrx_word' id='word_1_156' title='bbox 1091 2639 1153 2710; x_wconf 86' lang='lat' dir='ltr'><strong>sed</strong></span> <span class='ocrx_word' id='word_1_157' title='bbox 1170 2637 1216 2709; x_wconf 95' lang='lat' dir='ltr'><strong>ob</strong></span> <span class='ocrx_word' id='word_1_158' title='bbox 1230 2640 1326 2710; x_wconf 89' lang='lat' dir='ltr'><strong>nobi-</strong></span> 
     </span>
     <span class='ocr_line' id='line_1_19' title="bbox 236 2756 1326 2853; baseline -0.002 -26"><span class='ocrx_word' id='word_1_159' title='bbox 236 2756 375 2829; x_wconf 78' lang='lat' dir='ltr'><strong>litatem</strong></span> <span class='ocrx_word' id='word_1_160' title='bbox 392 2758 553 2853; x_wconf 88' lang='lat' dir='ltr'><strong>plurimis</strong></span> <span class='ocrx_word' id='word_1_161' title='bbox 570 2760 704 2852; x_wconf 89' lang='lat' dir='ltr'><strong>nuptiis</strong></span> <span class='ocrx_word' id='word_1_162' title='bbox 723 2760 939 2830; x_wconf 87' lang='lat' dir='ltr'><strong>ambiuntur.</strong></span> <span class='ocrx_word' id='word_1_163' title='bbox 992 2756 1125 2826; x_wconf 89' lang='lat' dir='ltr'><strong>Dotem</strong></span> <span class='ocrx_word' id='word_1_164' title='bbox 1143 2779 1216 2825; x_wconf 90' lang='lat' dir='ltr'><strong>non</strong></span> <span class='ocrx_word' id='word_1_165' title='bbox 1234 2779 1326 2826; x_wconf 82' lang='lat' dir='ltr'><strong>uxor</strong></span> 
     </span>
     <span class='ocr_line' id='line_1_20' title="bbox 235 2872 1323 2965; baseline -0.001 -20"><span class='ocrx_word' id='word_1_166' title='bbox 235 2877 373 2958; x_wconf 80' lang='lat' dir='ltr'><strong>marito,</strong></span> <span class='ocrx_word' id='word_1_167' title='bbox 397 2877 458 2947; x_wconf 88' lang='lat' dir='ltr'><strong>sed</strong></span> <span class='ocrx_word' id='word_1_168' title='bbox 480 2877 584 2948; x_wconf 90' lang='lat' dir='ltr'><strong>uxori</strong></span> <span class='ocrx_word' id='word_1_169' title='bbox 606 2877 753 2947; x_wconf 83' lang='lat' dir='ltr'><strong>meritus</strong></span> <span class='ocrx_word' id='word_1_170' title='bbox 779 2872 893 2946; x_wconf 88' lang='lat' dir='ltr'><strong>offert.</strong></span> <span class='ocrx_word' id='word_1_171' title='bbox 946 2873 1131 2944; x_wconf 86' lang='lat' dir='ltr'><strong>Intersunt</strong></span> <span class='ocrx_word' id='word_1_172' title='bbox 1158 2885 1323 2965; x_wconf 88' lang='lat' dir='ltr'><strong>parentes</strong></span> 
     </span>
     <span class='ocr_line' id='line_1_21' title="bbox 235 2989 1325 3086; baseline -0.003 -23"><span class='ocrx_word' id='word_1_173' title='bbox 235 3002 275 3063; x_wconf 88' lang='lat' dir='ltr'><strong>et</strong></span> <span class='ocrx_word' id='word_1_174' title='bbox 291 2994 488 3086; x_wconf 91' lang='lat' dir='ltr'><strong>propinqui,</strong></span> <span class='ocrx_word' id='word_1_175' title='bbox 504 3016 546 3064; x_wconf 85' lang='lat' dir='ltr'><strong>sc</strong></span> <span class='ocrx_word' id='word_1_176' title='bbox 563 3016 713 3065; x_wconf 87' lang='lat' dir='ltr'><strong>munera</strong></span> <span class='ocrx_word' id='word_1_177' title='bbox 728 2993 899 3086; x_wconf 84' lang='lat' dir='ltr'><strong>probent:</strong></span> <span class='ocrx_word' id='word_1_178' title='bbox 922 3013 1073 3062; x_wconf 86' lang='lat' dir='ltr'><strong>munera</strong></span> <span class='ocrx_word' id='word_1_179' title='bbox 1089 3013 1161 3060; x_wconf 91' lang='lat' dir='ltr'><strong>non</strong></span> <span class='ocrx_word' id='word_1_180' title='bbox 1173 2989 1218 3060; x_wconf 90' lang='lat' dir='ltr'><strong>ad</strong></span> <span class='ocrx_word' id='word_1_181' title='bbox 1237 2990 1325 3061; x_wconf 86' lang='lat' dir='ltr'><strong>deli-</strong></span> 
     </span>
     <span class='ocr_line' id='line_1_22' title="bbox 234 3110 1323 3203; baseline -0.002 -24"><span class='ocrx_word' id='word_1_182' title='bbox 234 3111 307 3180; x_wconf 86' lang='lat' dir='ltr'><strong>cias</strong></span> <span class='ocrx_word' id='word_1_183' title='bbox 321 3110 512 3182; x_wconf 87' lang='lat' dir='ltr'><strong>muliebres</strong></span> <span class='ocrx_word' id='word_1_184' title='bbox 524 3112 679 3203; x_wconf 81' lang='lat' dir='ltr'><strong>quaesite,</strong></span> <span class='ocrx_word' id='word_1_185' title='bbox 693 3133 759 3180; x_wconf 87' lang='lat' dir='ltr'><strong>nec</strong></span> <span class='ocrx_word' id='word_1_186' title='bbox 773 3111 901 3202; x_wconf 88' lang='lat' dir='ltr'><strong>quibus</strong></span> <span class='ocrx_word' id='word_1_187' title='bbox 914 3132 1006 3178; x_wconf 86' lang='lat' dir='ltr'><strong>nova</strong></span> <span class='ocrx_word' id='word_1_188' title='bbox 1019 3116 1131 3199; x_wconf 89' lang='lat' dir='ltr'><strong>nupta</strong></span> <span class='ocrx_word' id='word_1_189' title='bbox 1148 3116 1323 3191; x_wconf 85' lang='lat' dir='ltr'><strong>comatur3</strong></span> 
     </span>
     <span class='ocr_line' id='line_1_23' title="bbox 233 3221 1326 3318; baseline -0.001 -23"><span class='ocrx_word' id='word_1_190' title='bbox 233 3227 294 3296; x_wconf 89' lang='lat' dir='ltr'><strong>sed</strong></span> <span class='ocrx_word' id='word_1_191' title='bbox 314 3225 422 3297; x_wconf 85' lang='lat' dir='ltr'><strong>boves</strong></span> <span class='ocrx_word' id='word_1_192' title='bbox 443 3236 481 3297; x_wconf 91' lang='lat' dir='ltr'><strong>et</strong></span> <span class='ocrx_word' id='word_1_193' title='bbox 503 3227 681 3299; x_wconf 77' lang='lat' dir='ltr'><strong>frenatum</strong></span> <span class='ocrx_word' id='word_1_194' title='bbox 698 3248 840 3318; x_wconf 89' lang='lat' dir='ltr'><strong>equum,</strong></span> <span class='ocrx_word' id='word_1_195' title='bbox 866 3234 904 3296; x_wconf 87' lang='lat' dir='ltr'><strong>et</strong></span> <span class='ocrx_word' id='word_1_196' title='bbox 928 3235 1069 3296; x_wconf 88' lang='lat' dir='ltr'><strong>scutum</strong></span> <span class='ocrx_word' id='word_1_197' title='bbox 1091 3246 1172 3293; x_wconf 87' lang='lat' dir='ltr'><strong>curn</strong></span> <span class='ocrx_word' id='word_1_198' title='bbox 1191 3221 1326 3295; x_wconf 74' lang='lat' dir='ltr'><strong>frameis</strong></span> 
     </span>
     <span class='ocr_line' id='line_1_24' title="bbox 234 3340 1324 3438; baseline 0.005 -28"><span class='ocrx_word' id='word_1_199' title='bbox 234 3340 433 3434; x_wconf 86' lang='lat' dir='ltr'><strong>gladioque.</strong></span> <span class='ocrx_word' id='word_1_200' title='bbox 501 3343 547 3414; x_wconf 93' lang='lat' dir='ltr'><strong>In</strong></span> <span class='ocrx_word' id='word_1_201' title='bbox 579 3344 654 3414; x_wconf 84' lang='lat' dir='ltr'><strong>haeo</strong></span> <span class='ocrx_word' id='word_1_202' title='bbox 681 3366 829 3414; x_wconf 86' lang='lat' dir='ltr'><strong>munera</strong></span> <span class='ocrx_word' id='word_1_203' title='bbox 863 3366 953 3412; x_wconf 87' lang='lat' dir='ltr'><strong>uxor</strong></span> <span class='ocrx_word' id='word_1_204' title='bbox 983 3344 1176 3438; x_wconf 83' lang='lat' dir='ltr'><strong>accipitur:</strong></span> <span class='ocrx_word' id='word_1_205' title='bbox 1215 3354 1324 3437; x_wconf 88' lang='lat' dir='ltr'><strong>atque</strong></span> 
     </span>
     <span class='ocr_line' id='line_1_25' title="bbox 235 3458 1322 3552; baseline 0.005 -25"><span class='ocrx_word' id='word_1_206' title='bbox 235 3459 387 3529; x_wconf 82' lang='lat' dir='ltr'><strong>invicem</strong></span> <span class='ocrx_word' id='word_1_207' title='bbox 409 3459 484 3552; x_wconf 87' lang='lat' dir='ltr'><strong>ipse</strong></span> <span class='ocrx_word' id='word_1_208' title='bbox 508 3483 685 3530; x_wconf 78' lang='lat' dir='ltr'><strong>armorum</strong></span> <span class='ocrx_word' id='word_1_209' title='bbox 711 3458 844 3551; x_wconf 89' lang='lat' dir='ltr'><strong>aliquid</strong></span> <span class='ocrx_word' id='word_1_210' title='bbox 870 3459 945 3528; x_wconf 86' lang='lat' dir='ltr'><strong>viro</strong></span> <span class='ocrx_word' id='word_1_211' title='bbox 972 3459 1092 3531; x_wconf 83' lang='lat' dir='ltr'><strong>affert:</strong></span> <span class='ocrx_word' id='word_1_212' title='bbox 1121 3461 1188 3532; x_wconf 90' lang='lat' dir='ltr'><strong>hoc</strong></span> <span class='ocrx_word' id='word_1_213' title='bbox 1211 3462 1322 3532; x_wconf 87' lang='lat' dir='ltr'><strong>maxi·</strong></span> 
     </span>
     <span class='ocr_line' id='line_1_26' title="bbox 234 3574 1323 3671; baseline 0.004 -27"><span class='ocrx_word' id='word_1_214' title='bbox 234 3596 334 3645; x_wconf 88' lang='lat' dir='ltr'><strong>mum</strong></span> <span class='ocrx_word' id='word_1_215' title='bbox 351 3575 543 3661; x_wconf 85' lang='lat' dir='ltr'><strong>vinculum,</strong></span> <span class='ocrx_word' id='word_1_216' title='bbox 560 3576 635 3646; x_wconf 81' lang='lat' dir='ltr'><strong>haec</strong></span> <span class='ocrx_word' id='word_1_217' title='bbox 658 3598 785 3646; x_wconf 84' lang='lat' dir='ltr'><strong>arcane</strong></span> <span class='ocrx_word' id='word_1_218' title='bbox 799 3596 906 3657; x_wconf 84' lang='lat' dir='ltr'><strong>secra,</strong></span> <span class='ocrx_word' id='word_1_219' title='bbox 928 3574 992 3645; x_wconf 87' lang='lat' dir='ltr'><strong>hos</strong></span> <span class='ocrx_word' id='word_1_220' title='bbox 1013 3577 1215 3671; x_wconf 84' lang='lat' dir='ltr'><strong>conjugales</strong></span> <span class='ocrx_word' id='word_1_221' title='bbox 1237 3578 1323 3648; x_wconf 89' lang='lat' dir='ltr'><strong>deos</strong></span> 
     </span>
     <span class='ocr_line' id='line_1_27' title="bbox 232 3691 1324 3789; baseline 0.003 -27"><span class='ocrx_word' id='word_1_222' title='bbox 232 3693 460 3764; x_wconf 80' lang='lat' dir='ltr'><strong>arbitrentur.</strong></span> <span class='ocrx_word' id='word_1_223' title='bbox 525 3691 586 3763; x_wconf 92' lang='lat' dir='ltr'><strong>Ne</strong></span> <span class='ocrx_word' id='word_1_224' title='bbox 613 3715 651 3764; x_wconf 89' lang='lat' dir='ltr'><strong>se</strong></span> <span class='ocrx_word' id='word_1_225' title='bbox 677 3692 806 3763; x_wconf 88' lang='lat' dir='ltr'><strong>mulier</strong></span> <span class='ocrx_word' id='word_1_226' title='bbox 835 3702 937 3762; x_wconf 83' lang='lat' dir='ltr'><strong>extra</strong></span> <span class='ocrx_word' id='word_1_227' title='bbox 963 3694 1136 3764; x_wconf 86' lang='lat' dir='ltr'><strong>virtutum</strong></span> <span class='ocrx_word' id='word_1_228' title='bbox 1160 3696 1324 3789; x_wconf 80' lang='lat' dir='ltr'><strong>cogitati-</strong></span> 
     </span>
     <span class='ocr_line' id='line_1_28' title="bbox 234 3809 1323 3903; baseline 0.005 -25"><span class='ocrx_word' id='word_1_229' title='bbox 234 3831 328 3892; x_wconf 91' lang='lat' dir='ltr'><strong>ones,</strong></span> <span class='ocrx_word' id='word_1_230' title='bbox 352 3822 525 3901; x_wconf 85' lang='lat' dir='ltr'><strong>extraque</strong></span> <span class='ocrx_word' id='word_1_231' title='bbox 552 3809 726 3880; x_wconf 91' lang='lat' dir='ltr'><strong>bellorum</strong></span> <span class='ocrx_word' id='word_1_232' title='bbox 752 3831 851 3879; x_wconf 86' lang='lat' dir='ltr'><strong>casus</strong></span> <span class='ocrx_word' id='word_1_233' title='bbox 878 3817 992 3901; x_wconf 88' lang='lat' dir='ltr'><strong>putet,</strong></span> <span class='ocrx_word' id='word_1_234' title='bbox 1013 3810 1097 3901; x_wconf 91' lang='lat' dir='ltr'><strong>ipsis</strong></span> <span class='ocrx_word' id='word_1_235' title='bbox 1121 3810 1323 3903; x_wconf 87' lang='lat' dir='ltr'><strong>incipientis</strong></span> 
     </span>
     <span class='ocr_line' id='line_1_29' title="bbox 234 3925 1322 4021; baseline 0.005 -27"><span class='ocrx_word' id='word_1_236' title='bbox 234 3926 451 3996; x_wconf 77' lang='lat' dir='ltr'><strong>matrimonii</strong></span> <span class='ocrx_word' id='word_1_237' title='bbox 485 3925 649 4021; x_wconf 86' lang='lat' dir='ltr'><strong>auspiciis</strong></span> <span class='ocrx_word' id='word_1_238' title='bbox 678 3926 901 4007; x_wconf 89' lang='lat' dir='ltr'><strong>admonetur,</strong></span> <span class='ocrx_word' id='word_1_239' title='bbox 937 3926 1058 3996; x_wconf 87' lang='lat' dir='ltr'><strong>venire</strong></span> <span class='ocrx_word' id='word_1_240' title='bbox 1089 3950 1128 3997; x_wconf 90' lang='lat' dir='ltr'><strong>se</strong></span> <span class='ocrx_word' id='word_1_241' title='bbox 1162 3926 1322 3999; x_wconf 83' lang='lat' dir='ltr'><strong>laborum</strong></span> 
     </span>
     <span class='ocr_line' id='line_1_30' title="bbox 233 4042 1323 4138; baseline 0.004 -27"><span class='ocrx_word' id='word_1_242' title='bbox 233 4042 543 4135; x_wconf 88' lang='lat' dir='ltr'><strong>periculorumque</strong></span> <span class='ocrx_word' id='word_1_243' title='bbox 572 4044 713 4123; x_wconf 87' lang='lat' dir='ltr'><strong>sociam,</strong></span> <span class='ocrx_word' id='word_1_244' title='bbox 734 4042 828 4112; x_wconf 90' lang='lat' dir='ltr'><strong>idern</strong></span> <span class='ocrx_word' id='word_1_245' title='bbox 853 4043 889 4111; x_wconf 93' lang='lat' dir='ltr'><strong>in</strong></span> <span class='ocrx_word' id='word_1_246' title='bbox 907 4065 1003 4135; x_wconf 85' lang='lat' dir='ltr'><strong>pace,</strong></span> <span class='ocrx_word' id='word_1_247' title='bbox 1025 4044 1122 4113; x_wconf 89' lang='lat' dir='ltr'><strong>idem</strong></span> <span class='ocrx_word' id='word_1_248' title='bbox 1142 4045 1179 4113; x_wconf 93' lang='lat' dir='ltr'><strong>in</strong></span> <span class='ocrx_word' id='word_1_249' title='bbox 1197 4046 1323 4138; x_wconf 91' lang='lat' dir='ltr'><strong>proelio</strong></span> 
     </span>
     <span class='ocr_line' id='line_1_31' title="bbox 232 4158 1322 4254; baseline 0.001 -23"><span class='ocrx_word' id='word_1_250' title='bbox 232 4181 411 4253; x_wconf 89' lang='lat' dir='ltr'><strong>passuram</strong></span> <span class='ocrx_word' id='word_1_251' title='bbox 439 4180 691 4250; x_wconf 85' lang='lat' dir='ltr'><strong>ausuramque;</strong></span> <span class='ocrx_word' id='word_1_252' title='bbox 720 4158 787 4228; x_wconf 87' lang='lat' dir='ltr'><strong>hoc</strong></span> <span class='ocrx_word' id='word_1_253' title='bbox 804 4159 922 4250; x_wconf 87' lang='lat' dir='ltr'><strong>juncti</strong></span> <span class='ocrx_word' id='word_1_254' title='bbox 943 4158 1060 4241; x_wconf 89' lang='lat' dir='ltr'><strong>boves,</strong></span> <span class='ocrx_word' id='word_1_255' title='bbox 1086 4159 1154 4230; x_wconf 90' lang='lat' dir='ltr'><strong>hoc</strong></span> <span class='ocrx_word' id='word_1_256' title='bbox 1179 4175 1322 4254; x_wconf 86' lang='lat' dir='ltr'><strong>paratus</strong></span> 
     </span>
     <span class='ocr_line' id='line_1_32' title="bbox 232 4274 1321 4369; baseline 0.001 -22"><span class='ocrx_word' id='word_1_257' title='bbox 232 4299 353 4369; x_wconf 91' lang='lat' dir='ltr'><strong>equus,</strong></span> <span class='ocrx_word' id='word_1_258' title='bbox 376 4275 445 4346; x_wconf 91' lang='lat' dir='ltr'><strong>hoc</strong></span> <span class='ocrx_word' id='word_1_259' title='bbox 469 4275 552 4345; x_wconf 86' lang='lat' dir='ltr'><strong>data</strong></span> <span class='ocrx_word' id='word_1_260' title='bbox 574 4299 671 4346; x_wconf 85' lang='lat' dir='ltr'><strong>arms</strong></span> <span class='ocrx_word' id='word_1_261' title='bbox 695 4275 919 4346; x_wconf 88' lang='lat' dir='ltr'><strong>denuntiant.</strong></span> <span class='ocrx_word' id='word_1_262' title='bbox 973 4274 1033 4346; x_wconf 86' lang='lat' dir='ltr'><strong>Sic</strong></span> <span class='ocrx_word' id='word_1_263' title='bbox 1051 4278 1253 4361; x_wconf 86' lang='lat' dir='ltr'><strong>vivendum,</strong></span> <span class='ocrx_word' id='word_1_264' title='bbox 1271 4279 1321 4348; x_wconf 87' lang='lat' dir='ltr'><strong>sie</strong></span> 
     </span>
    </p>
   </div>
   <div class='ocr_carea' id='block_1_5' title="bbox 231 4392 1322 4563">
    <p class='ocr_par' dir='ltr' id='par_1_6' title="bbox 231 4392 1322 4563">
     <span class='ocr_line' id='line_1_33' title="bbox 231 4392 1322 4486; baseline 0 -22"><span class='ocrx_word' id='word_1_265' title='bbox 231 4393 475 4486; x_wconf 84' lang='lat' dir='ltr'><strong>pereundum:</strong></span> <span class='ocrx_word' id='word_1_266' title='bbox 518 4393 678 4485; x_wconf 83' lang='lat' dir='ltr'><strong>occipere</strong></span> <span class='ocrx_word' id='word_1_267' title='bbox 718 4414 757 4462; x_wconf 89' lang='lat' dir='ltr'><strong>se</strong></span> <span class='ocrx_word' id='word_1_268' title='bbox 797 4414 875 4483; x_wconf 70' lang='lat' dir='ltr'><strong>quse</strong></span> <span class='ocrx_word' id='word_1_269' title='bbox 916 4392 1035 4463; x_wconf 88' lang='lat' dir='ltr'><strong>liberis</strong></span> <span class='ocrx_word' id='word_1_270' title='bbox 1069 4393 1239 4464; x_wconf 84' lang='lat' dir='ltr'><strong>inviolate</strong></span> <span class='ocrx_word' id='word_1_271' title='bbox 1279 4416 1322 4464; x_wconf 83' lang='lat' dir='ltr'><strong>ae</strong></span> 
     </span>
     <span class='ocr_line' id='line_1_34' title="bbox 1105 4507 1161 4563; baseline 0.018 -1"><span class='ocrx_word' id='word_1_272' title='bbox 1105 4507 1161 4563; x_wconf 61' lang='lat'><strong>22</strong></span> 
     </span>
    </p>
   </div>
   <div class='ocr_carea' id='block_1_6' title="bbox 0 0 1636 5086">
    <p class='ocr_par' dir='ltr' id='par_1_7' title="bbox 0 0 1636 5086">
     <span class='ocr_line' id='line_1_35' title="bbox 0 0 1636 5086; baseline 0 0"><span class='ocrx_word' id='word_1_273' title='bbox 0 0 1636 5086; x_wconf 95' lang='lat' dir='ltr'><strong> </strong></span> 
     </span>
    </p>
   </div>
  </div>
 </body>
</html>
