3246 5078
655 418 949 477 PROLEGOMENA·
1262 426 1356 474 cxxv

257 575 323 639 τῶν
350 571 544 658 λῃστηρίων
568 574 727 648 πλοῦτον,
758 570 1016 661 ῦπερὸάλλοντα
1040 575 1100 639 τοῦ
1119 571 1199 660 παρ’
1216 572 1355 655 ἑαυτοῖς,

256 675 333 747 τοῦς
346 673 581 755 Ἑλαυηττίους
597 673 792 763 ἐπαρθῆναι,
806 675 960 758 μάλιστα
983 672 1011 739 δ’
1027 674 1135 742 αύτῦν
1155 676 1356 765 Τιγυρήνους

257 803 294 843 τε
309 778 365 843 καὶ
379 776 577 861 Τωυγενοῦς,
594 776 683 843 ὥστε
698 777 754 844 καὶ
777 779 1034 865 συνεξορμῆσαι.
1079 778 1206 851 Πάντες
1227 780 1356 863 μέντοι

258 881 493 963 κατελύθησαν
519 881 583 949 ὑπὸ
610 886 674 949 τῶν
689 880 869 965 Ῥωμαίων,
885 881 984 947 αύτοί
1003 907 1040 947 τε
1059 881 1094 948 οἱ
1107 881 1235 967 Κίμύοι,
1252 883 1308 950 καὶ
1324 883 1358 949 οἱ

258 985 480 1075 συναράμενοι
503 984 643 1061 τούτοις,
664 983 698 1050 οἱ
718 985 780 1069 μὲν
803 982 1069 1073 ῦπερύάλλοντες
1083 985 1143 1058 τὰς
1153 984 1285 1058 Ἄλπεις
1309 986 1357 1059 εἰς

258 1088 318 1169 τήν
327 1087 485 1164 Ἰταλίαν,
500 1087 534 1154 οἱ
548 1086 575 1153 δ’
593 1087 657 1172 ἔξω
672 1091 738 1155 τῶν
748 1086 904 1154 Ἄλπεων.

297 1190 398 1263 Ἔθος
421 1190 457 1257 δέ
480 1217 513 1257 τι
540 1193 606 1257 τῶν
629 1189 783 1279 Κίμέρων
806 1189 996 1275 διηγοῦνται
1024 1195 1183 1267 τοιοῦτον,
1207 1192 1259 1258 ὅτι
1283 1197 1357 1264 ταῖς

258 1295 408 1379 γυναιξὶν
433 1295 541 1361 αύτῶν
564 1292 881 1383 συστρατευούσαις,
906 1294 1182 1383 παρηκολούθουν
1210 1298 1357 1382 προμάν-

259 1424 326 1470 τεις
342 1397 460 1487 ἱέρειαι
470 1395 698 1487 πολιύτριχες,
709 1398 934 1487 λευχείμονες,
944 1399 1155 1485 καρπασίνας
1170 1397 1357 1483 ἐφαπτίδας

259 1500 582 1590 ε’πιπεπορπημέναι,
614 1503 729 1584 ζῶσμα
765 1505 918 1590 χαλκοῦν
949 1500 1102 1589 ἔχουσαι,
1131 1502 1346 1586 γυμνάποδες·

258 1609 329 1677 τοῖς
354 1604 412 1671 οῦν
433 1603 666 1694 αἰχμαλώτοις
682 1602 737 1670 διὰ
752 1607 812 1670 τοῦ
832 1603 1063 1691 στρατοπέδου
1078 1605 1245 1687 συνήντων
1260 1608 1357 1692 ξιφή-

257 1735 347 1795 ρεις·
370 1706 638 1796 καταστέψασαι
662 1705 690 1774 δ’
711 1707 830 1779 αύτούς
852 1708 934 1791 ήγον
958 1707 1014 1774 ἐπὶ
1039 1714 1187 1798 κρατῆρα
1206 1711 1357 1799 χαλκοῦν

259 1811 340 1879 ὅσον
376 1812 554 1900 ἀμφορέων
580 1812 698 1878 εἴκοσι·
726 1808 819 1901 εἶχον
848 1810 884 1877 δὲ
912 1809 1111 1900 ἀναύάθραν,
1136 1813 1178 1895 ῆν
1203 1812 1356 1880 ἀναύᾶσα

259 1915 447 2002 ὑπερπετής
458 1919 518 1983 τοῦ
529 1912 668 1995 λέὲητος
683 1913 900 1998 ἐλαιμοτύμει
916 1913 1059 1980 ἕκαστον
1072 1917 1355 2004 μετεωρισθέντα·

259 2019 297 2084 ἐκ
314 2017 350 2084 δὲ
364 2018 422 2085 τοῦ
430 2017 660 2107 προχεομένου
671 2015 811 2100 αἵματος
824 2016 870 2087 εἰς
879 2015 936 2082 τὸν
945 2021 1104 2104 κρατῆρα,
1115 2017 1274 2101 μαντείαν
1282 2021 1357 2086 τινά

259 2122 450 2188 ἐποιοῦντο·
474 2121 581 2188 ἄλλοι
604 2119 640 2185 δὲ
663 2119 902 2207 διασχίσασαι,
918 2118 1175 2208 έσπλάγχνευον
1189 2121 1354 2207 ἀναφθεγ-

257 2222 397 2308 γόμεναι
412 2225 504 2305 νίκην
517 2226 588 2295 τοῖς
606 2221 750 2294 οἰκείοις.
793 2219 850 2288 Ἐν
865 2221 901 2287 δὲ
911 2225 981 2294 τοῖς
996 2222 1125 2305 ἀγῶσιν
1140 2222 1282 2290 ἔτυπτον
1295 2225 1356 2296 τὰς

258 2328 391 2413 βύρσας
406 2332 465 2399 τὰς
479 2323 740 2415 περιτεταμένας
750 2324 959 2412 τοῖςγέῤῥοις
968 2328 1033 2390 τῶν
1043 2325 1259 2413 ἁρμαμαξῶν,
1275 2325 1355 2393 ὥστ’

258 2429 506 2497 ἀποτελεῖσθαι
520 2429 638 2517 ψόφον
653 2426 811 2511 ἐξαίσιον.

298 2538 373 2601 Τῶν
398 2533 434 2600 δὲ
459 2535 642 2622 Γερμανῶν,
668 2532 712 2603 ὡς
733 2528 836 2611 εἷπον,
861 2529 895 2597 οἱ
916 2531 978 2615 μὲν
1003 2530 1226 2619 προσάρκτιοι
1250 2535 1356 2620 παρή·

257 2664 355 2705 κουσι
378 2643 427 2725 τῷ
454 2634 606 2726 Ὠκεανῷ
652 2634 866 2723 Γνωρίζονται
890 2631 918 2699 δ’
943 2633 1011 2701 ἀπὸ
1037 2637 1103 2700 τῶν
1126 2634 1275 2701 έκάολῶν
1297 2641 1357 2703 τοῦ

256 2740 370 2824 Ῥήνου
383 2737 542 2812 λαθόντες
567 2740 626 2821 τήν
650 2736 768 2827 ἀρχήν,
782 2738 886 2828 μέχρι
910 2741 971 2804 τοῦ
991 2735 1129 2810 Ἄλὲιος.
1172 2736 1307 2806 Τούτων
1328 2738 1355 2805 δ’

258 2844 326 2911 εἶσὶ
355 2845 617 2933 γνωριμώτατοι,
644 2839 855 2928 Σούγαμύροί
881 2866 918 2907 τε
947 2839 1006 2906 καὶ
1038 2837 1188 2928 Κίμύροι.
1239 2843 1291 2907 Τά
1320 2842 1356 2908 δὲ

256 2948 361 3031 πέραν
376 2950 436 3013 τοῦ
453 2943 591 3020 Ἄλύιος,
607 2945 650 3011 τά
671 2944 756 3030 πρὸς
771 2948 817 3032 τῷ
838 2941 993 3032 Ὠκεανῷ,
1009 2969 1228 3010 πανταπασιν
1249 2944 1354 3029 ἀγνω·

258 3077 325 3117 στα
339 3049 418 3134 ήμῑν
432 3049 534 3115 ἐστιν.
578 3047 665 3113 Ούτε
679 3044 744 3134 γάρ
760 3050 826 3113 τῶν
847 3046 1017 3135 προτέρων
1031 3045 1166 3119 οὐδένας
1181 3046 1279 3132 ἴσμεν
1300 3049 1357 3116 τὸν

258 3154 461 3242 παράπλουν
489 3155 608 3218 τοῦτον
636 3149 879 3234 πεποιημένους
916 3149 1000 3238 πρὸς
1029 3149 1072 3216 τὰ
1106 3149 1225 3216 έωθινά
1260 3151 1355 3241 μέρη,

257 3259 301 3324 τὰ
328 3257 430 3347 μέχρι
459 3259 520 3322 τοῦ
548 3250 716 3338 στόματος
745 3258 803 3336 τῆς
833 3254 989 3326 Κασπίας
1015 3252 1199 3337 θαλάττης,
1229 3255 1298 3323 οὔθ’
1325 3257 1359 3322 οἱ

255 3359 416 3444 Ῥωμαῖοι
429 3356 602 3447 προῆλθύν
615 3383 669 3423 πω
685 3356 731 3428 εἰς
746 3357 788 3423 τὰ
803 3357 990 3445 περαιτέρω
1013 3361 1073 3424 τοῦ
1090 3355 1237 3429 Ἄλύιος·
1269 3359 1313 3431 ὡς
1329 3357 1356 3425 δ’

257 3467 365 3537 αύτως
394 3462 471 3531 οῦδὲ
493 3461 587 3543 πεζοὶ
617 3458 874 3547 παρωδεύκασιν
912 3459 1050 3532 ούδένες.
1094 3455 1180 3524 Ἀλλ’
1212 3461 1265 3527 ὅτι
1294 3462 1356 3545 μὲν

257 3568 345 3635 κατὰ
365 3571 470 3651 μῆκος
497 3564 605 3631 ἰοῦσιν
631 3562 687 3629 ε’πὶ
710 3562 769 3645 τὴν
791 3561 844 3638 ἔω,
861 3561 903 3628 τά
923 3561 1010 3629 κατὰ
1024 3561 1082 3630 τὸν
1096 3563 1282 3648 Βορυσθένη
1299 3564 1356 3631 καὶ

258 3670 301 3738 τά
315 3669 400 3759 πρὸς
414 3668 544 3756 βορφἂν
566 3665 650 3754 μέρη
677 3669 737 3732 τοῦ
761 3664 889 3732 Πόντου
911 3664 1021 3755 χωρία
1035 3666 1176 3754 ἀπαντᾷ,
1193 3664 1293 3749 δῆλον
1317 3666 1355 3734 ἐκ

258 3776 323 3840 τῶν
346 3772 520 3856 κλιμάτων
545 3769 603 3836 καὶ
626 3771 692 3835 τῶν
713 3769 946 3855 παραλλήλων
981 3768 1225 3854 διαστημάτων.
1268 3771 1312 3839 Τί
1326 3770 1353 3837 δ’

254 3876 332 3946 ε’στὶ
357 3875 464 3964 πέραν
478 3878 536 3957 τῆς
551 3871 741 3959 Γερμανίας,
758 3870 816 3937 καὶ
837 3871 874 3939 τί
892 3875 959 3938 τῶν
973 3872 1090 3940 ἀλλων
1103 3876 1169 3940 τῶν
1189 3874 1274 3958 ἑξῆς,
1289 3876 1358 3942 εἴτε

258 3978 452 4068 Βαστάρνας
484 3974 552 4066 χρὴ
580 3975 703 4058 λέγειν,
733 3974 776 4046 ὡς
813 3973 847 4040 αι’
874 3974 1012 4048 πλείους
1049 3976 1258 4054 ὑπονοοῦσιν,
1297 3978 1358 4046 εἴτ’

257 4082 384 4152 ἄλλους
407 4079 544 4164 μεταξύ,
567 4078 589 4162 ῆ
613 4076 771 4163 Ἰάζυγας,
785 4077 807 4161 ή
821 4076 1057 4162 Ῥωξολάνους,
1078 4080 1100 4164 ἥ
1122 4107 1214 4155 τινας
1228 4081 1357 4156 ἀλλους

257 4188 323 4253 τῶν
335 4182 543 4268 Ἅμαξοίκων,
559 4182 598 4249 ού
611 4180 727 4271 ῥᾴδιον
742 4180 858 4248 εἰπεῖν·
873 4181 940 4247 οὐδ’
963 4181 993 4248 εἰ
1006 4181 1109 4272 μέχρι
1124 4185 1184 4251 τοῦ
1197 4183 1359 4252 Ὠκεανοῦ

257 4290 449 4376 παρήκουσι
457 4287 619 4375 παράπαν
629 4285 667 4351 τὸ
679 4290 793 4368 μῆκος,
804 4285 835 4349 εἴ
845 4285 923 4351 έστί
931 4311 964 4351 τι
972 4285 1124 4367 ἀοίκητον
1135 4288 1200 4354 ὑπὸ
1210 4289 1356 4376 ψύχους,

256 4392 277 4473 ῆ
292 4391 402 4471 ἀλλης
417 4387 537 4464 αἰτίας,
552 4387 574 4471 ή
599 4387 629 4453 εἰ
645 4387 708 4453 ’καὶ
731 4387 825 4470 γένος
849 4387 1033 4474 ἀνθρώπων
1048 4388 1137 4455 ἀλλο
1165 4389 1357 4479 διαδέχεται
