3246 5078
658 435 951 492 νοοιοοουιιυι.
1274 417 1359 487 cxxi

260 590 441 676 πλάτος,ἡ
465 590 616 673 ποταμία
639 592 746 655 πῦσα.
789 588 919 669 Ταότης
941 586 977 653 δὲ
999 587 1041 652 τὰ
1062 586 1123 669 μὲν
1138 584 1185 656 εἰς
1200 584 1260 666 τὴν
1275 589 1358 649 Κελ-

262 697 357 778 τικὴν
381 694 569 779 μετήγαγον
581 691 748 775 Ῥωμαῖοι,
774 690 818 758 τό
840 688 868 757 δ’
889 689 975 771 έρθη
998 687 1214 785 μεταστάντα
1240 685 1286 758 εἰς
1301 685 1361 767 τὴν

151 804 155 809 ’
265 800 299 866 έν
323 799 428 880 βάθει
450 798 575 887 χώραν,
600 794 754 883 καθάπερ
780 792 934 881 Μαρσοί·
954 791 1074 859 λοιποὶ
1097 790 1124 858 δ’
1142 789 1228 857 εἰσὶν
1250 787 1361 871 ὀλίγον

265 903 322 968 καὶ
337 905 403 970 τών
417 897 640 985 Σουγόμθρων
653 894 764 985 μέρος.
809 897 904 962 Μετὰ
919 894 957 963 δέ
978 894 1055 967 τοὺς
1069 892 1361 982 παραποταμίους,

266 1000 294 1068 τ’
310 1000 403 1068 άλλα
427 1001 520 1069 ἐστὶν
544 1000 622 1081 έθνη
647 1000 690 1066 τά
709 999 837 1083 μεταξὺ
859 1003 921 1066 τοῦ
940 995 1056 1081 Ῥήνου
1082 997 1140 1064 καὶ
1162 1001 1222 1064 τοῦ
1232 994 1363 1067 Ἄλθιος

265 1107 437 1186 ποταμοῦ·
461 1102 497 1175 ῦς
512 1100 736 1184 παράλληλός
751 1127 822 1173 πως
838 1101 953 1188 έκείνῳ
963 1101 1017 1189 ῥεῖ
1029 1099 1114 1188 πρὸς
1129 1100 1186 1168 τόν
1199 1097 1362 1173 Ὠκεανὸν,

266 1206 466 1273 οὐκέλάττω
480 1206 596 1296 χώραν
609 1203 750 1288 διεξιὼν,
760 1203 846 1292 ἥπερ
862 1205 995 1276 έκεῖνος.
1025 1202 1103 1271 Εἰσὶ
1119 1204 1155 1269 δὲ
1164 1202 1292 1287 μεταξὺ
1307 1200 1364 1268 καὶ

267 1308 370 1375 ἄλλοι
395 1308 542 1392 ποταμοὶ
555 1307 688 1374 πλωτοὶ
705 1306 762 1393 (ὧν
777 1307 811 1374 ἐν
825 1313 872 1396 τῷ
884 1306 1024 1395 Ἀμασία
1037 1311 1188 1396 Δροῦσος
1202 1303 1361 1394 Βρουκτέ-

266 1437 344 1498 ρους
362 1411 652 1501 κατεναυμάχησε)
668 1410 798 1499 ῥέοντες
814 1410 973 1481 ὡσαύτως
988 1410 1056 1477 άπὸ
1072 1410 1168 1477 νότου
1183 1409 1267 1497 πρὸς
1280 1406 1363 1495 βορ-

267 1514 330 1609 ῥῦν
351 1512 408 1581 καί
422 1513 480 1579 τὸν
492 1511 656 1579 Ὠκεανόν.
700 1509 860 1603 Ἐξῇρται
873 1512 969 1602 γὰρὴ
984 1513 1082 1604 χώρα
1092 1510 1177 1599 πρὸς
1189 1510 1292 1588 νότον,
1308 1508 1366 1578 καὶ

269 1621 394 1705 συνεχῆ
404 1617 546 1682 Ἄλπεσι
560 1619 652 1682 ποιεῖ
672 1616 774 1706 ῥάχιν
788 1617 873 1692 τινὰ,
888 1616 973 1706 πρὸς
995 1617 1039 1683 έω
1061 1615 1250 1699 τεταμένην,
1267 1615 1310 1687 ὡς
1325 1616 1366 1680 άν

268 1718 368 1806 μέρος
392 1718 497 1785 οῦσαν
520 1721 587 1785 τών
615 1717 780 1785 Ἄλπεων·
814 1718 871 1785 καὶ
895 1718 936 1801 δὴ
961 1717 1018 1786 καὶ
1042 1715 1254 1807 όπεφήναντό
1280 1743 1367 1790 τινες

270 1823 385 1903 οὕτως,
407 1820 463 1887 διά
487 1846 525 1888 τε
545 1821 606 1904 τὴν
629 1822 816 1912 λεχθεῖσαν
837 1821 945 1901 θέσιν,
962 1824 1018 1890 καί
1042 1822 1159 1890 διὰτὸ
1183 1821 1243 1905 τὴν
1266 1821 1368 1903 αὐτὴν

272 1926 356 2004 ὕλην
380 1924 550 2014 ἐκφέρειν·
573 1925 612 1990 οὐ
636 1929 703 2008 μὴν
726 1926 783 1992 έπὶ
806 1928 968 1994 τοσοῦτόν
990 1952 1030 2010 γε
1054 1929 1145 2015 ὕψος
1170 1924 1306 2015 ἀνίσχει
1324 1925 1368 1991 τὰ

272 2026 394 2107 ταύτης
408 2027 503 2113 μέρη.
547 2025 711 2095 Ἐνταῦθα
731 2027 759 2093 δ’
776 2029 850 2095 ἐστὶ
871 2030 928 2096 καὶ
950 2029 1152 2118 όἝρκόνιος
1164 2028 1294 2117 δρυμὸς,
1310 2026 1369 2096 καὶ

273 2131 317 2198 τὰ
342 2133 407 2197 τών
431 2131 570 2212 Σοήβων
594 2129 682 2212 ἔθνη,
706 2131 832 2215 τὰμὲν
857 2132 1012 2201 οἰκοῦντα
1033 2131 1124 2205 ἐντὸς
1147 2132 1207 2200 τοῦ
1232 2131 1368 2222 δρυμοῦ,

274 2233 430 2300 καθάπου
453 2234 496 2300 τὰ
521 2236 587 2301 τῶν
611 2232 796 2300 Κολδοόων·
824 2235 858 2300 έν
880 2233 930 2307 οἶς
953 2236 1027 2303 ἐστι
1050 2234 1107 2303 καί
1129 2236 1167 2303 τὸ
1182 2235 1369 2318 Βουίαιμον,

274 2335 312 2403 τὸ
335 2340 396 2403 τοῦ
417 2334 634 2424 Μαροθοόδοο
647 2334 840 2415 βασιλειαν,
857 2336 903 2409 εἰς
919 2337 955 2404 δν
969 2339 1091 2410 ἐκεῖνος
1112 2338 1226 2413 τόπον,
1242 2336 1370 2410 ἄλλους

274 2465 311 2506 τε
332 2439 560 2523 μετανέστησε
575 2438 724 2516 πλείους,
740 2439 798 2505 καὶ
813 2438 853 2522 δὴ
868 2441 945 2512 τοὺς
965 2440 1136 2525 όμοεθνεὶς
1158 2441 1263 2529 ἑαυτῷ
1276 2447 1370 2530 Μαρ-

276 2543 473 2627 κομμάνους.
515 2539 665 2624 Ἐπέστη
680 2546 745 2632 γὰρ
768 2547 838 2615 τοῖς
852 2544 1050 2633 πράγμασιν
1064 2543 1160 2615 οῦτος
1175 2544 1212 2628 ἐξ
1228 2543 1371 2620 ἰδιώτου,

275 2646 362 2729 μετὰ
391 2646 451 2728 τὴν
481 2646 519 2711 έκ
539 2644 667 2730 Ῥώμης
697 2646 875 2713 ἐπάνοδον·
913 2647 984 2719 νέος
1008 2647 1074 2735 γὰρ
1103 2647 1143 2729 ἦν
1167 2645 1292 2722 ένθάδε,
1315 2647 1373 2714 καὶ

277 2750 478 2837 εόεργετεῖτο
503 2747 567 2816 ὑπό
591 2754 651 2817 τοῦ
673 2750 862 2817 Σεθαστοῦ·
886 2751 1079 2818 ἐπανελθών
1094 2752 1130 2818 δὲ
1152 2751 1373 2819 ἐδυνάστευσε

277 2852 333 2918 καὶ
357 2852 600 2934 κατεκτήσατο,
615 2853 700 2939 πρὸς
724 2852 774 2925 οίς
800 2851 905 2930 είπον,
928 2855 1066 2926 Λουίους
1090 2881 1137 2932 τε,
1156 2856 1244 2940 μέγα
1268 2855 1371 2932 ἔθνος,

277 2955 333 3021 καὶ
357 2956 515 3038 Ζοόμους,
531 2956 589 3022 καὶ
612 2956 785 3032 Βοότονας,
801 2956 859 3022 καὶ
882 2957 1121 3041 Μουγίλωνας,
1136 2958 1193 3027 καὶ
1212 2960 1373 3036 Σιθινοῦς,

278 3058 344 3134 καὶ,
375 3055 412 3124 τό
439 3061 505 3124 τών
528 3058 661 3140 Σοήθων
684 3059 794 3127 αὐτῶν
815 3058 903 3143 μέγα
927 3058 1030 3142 έθνος,
1053 3061 1234 3146 Σέμνωνας.
1279 3064 1375 3146 Πλὴν

277 3161 321 3228 τά
343 3186 383 3245 γε
408 3164 474 3227 τῶν
489 3161 631 3243 Σοήθων,
649 3162 692 3233 ώς
707 3160 800 3250 ἔφην,
817 3162 905 3243 ἔθνη,
921 3162 963 3229 τὰ
977 3163 1039 3246 μὲν
1053 3164 1144 3238 ἐντός
1170 3165 1259 3254 ῥ’κει,
1274 3166 1317 3232 τὰ
1337 3165 1374 3233 δὲ

279 3263 372 3337 ε’κτός
396 3268 456 3331 τοῦ
475 3262 609 3352 δρυμοῦ,
635 3266 743 3353 ὅμορα
771 3270 841 3337 τοῖς
866 3265 993 3337 Γέταις·
1049 3268 1219 3349 Μέγιστον
1246 3270 1307 3353 μέν
1336 3271 1375 3336 τό

280 3373 345 3435 τῶν
368 3367 501 3450 Σοήθων
527 3365 637 3441 ἔθνος·
671 3368 778 3450 διήκει
799 3369 864 3456 γὰρ
891 3368 958 3434 άπὸ
981 3373 1040 3435 τοῦ
1053 3368 1168 3453 Ῥήνου
1188 3370 1293 3462 μέχρι
1315 3376 1376 3441 τοῦ

275 3470 426 3543 Ἄλθιος·
448 3470 548 3555 μέρος
573 3470 610 3537 δέ
629 3499 663 3538 τι
686 3473 801 3548 αὐτῶν,
818 3471 873 3537 καὶ
893 3470 998 3560 πέραν
1018 3477 1077 3539 τοῦ
1092 3472 1217 3546 Ἄλθιος
1232 3474 1375 3558 νέμεται,

280 3574 431 3662 καθάπερ
445 3571 659 3662 Ἕρμόνδοροι
674 3571 730 3640 καί
742 3572 1044 3661 Λαγκόσαργοι·
1061 3579 1117 3641 νῦν
1132 3575 1168 3642 δὲ
1182 3577 1239 3643 καὶ
1254 3577 1377 3651 τελέως

281 3678 328 3750 είς
351 3677 411 3759 τὴν
432 3674 575 3763 περαίαν
591 3677 685 3743 οῦτοί
707 3701 746 3759 γε
768 3675 1008 3743 έκπεπτώκασι
1030 3678 1216 3765 φεύγοντες.
1261 3680 1377 3747 Κοινόν

281 3783 308 3851 δ’
339 3783 432 3849 ἐστὶν
460 3781 571 3847 ἅπασι
599 3783 669 3851 τοῖς
699 3778 813 3864 ταύτῃ,
843 3777 882 3845 τό
914 3780 992 3867 περὶ
1021 3781 1081 3853 τὰς
1108 3784 1376 3865 μεταναστάσεις

281 3885 430 3972 εὐμαρὲς,
446 3883 502 3951 διὰ
517 3885 576 3965 τὴν
589 3882 753 3963 λιτότητα
767 3885 827 3948 τοῦ
839 3880 931 3962 βίου,
947 3881 1003 3949 καὶ
1020 3882 1074 3950 διό
1089 3883 1128 3950 τό
1142 3885 1188 3968 μὴ
1203 3891 1374 3974 γεωργεῖν,

281 3989 365 4073 μηδὲ
378 3987 603 4075 θησαυρίζειν,
618 3980 698 4051 ἀλλ’
715 3984 749 4051 ἐν
764 3982 937 4056 καλυθίαις
960 3984 1062 4053 οἰκεῖν
1076 3987 1242 4077 ἐφήμερον
1256 3987 1378 4077 ἔχουσι

281 4092 509 4178 παρασκευήν·
547 4088 654 4175 τροφὴ
685 4085 713 4152 δ’
744 4085 812 4153 ἀπὸ
842 4090 908 4153 τῶν
934 4085 1136 4176 θρεμμάτων
1165 4091 1184 4172 ἡ
1218 4091 1377 4173 πλείστη,

283 4194 439 4262 καθάπου
453 4196 523 4264 τοῖς
543 4190 716 4276 Νομάσιν·
740 4188 819 4257 ὥστ’
836 4190 978 4263 ἐκείνους
992 4191 1198 4276 μιμούμενοι,
1214 4193 1256 4259 τὰ
1271 4192 1379 4261 οἰκεῖα

281 4304 355 4372 ταῖς
370 4296 585 4386 ἁρμαμάξαις
608 4293 800 4383 ἐπάραντες,
825 4294 904 4359 όποι
925 4296 965 4361 ἂν
988 4294 1077 4381 δόξη,
1093 4297 1271 4380 τρέπονται
1291 4298 1378 4380 μετὰ

282 4404 348 4475 τῶν
367 4397 604 4481 βοσκημάτων.
644 4396 748 4463 Ἄλλα
773 4395 801 4462 δ’
818 4394 1011 4486 ένδεέστερά
1035 4399 1128 4467 ἐστιν
1153 4398 1230 4480 έθνη
1253 4406 1376 4487 Γερμα.
