3246 5078
288 406 358 477 xcii
566 419 642 475 run
664 418 845 475 nsnusuv
868 419 916 475 on
941 419 1107 477 mouns.

286 582 408 668 paterni
429 581 566 667 avitique
596 582 730 668 exempli
762 605 919 649 successor
947 605 980 649 se
1008 583 1075 668 ipse
1104 580 1270 648 transfixit.
1334 583 1380 649 At

285 707 302 747 e
328 682 484 768 praefectis
511 691 683 748 castrorum
711 683 842 764 duobus,
871 705 964 768 quem
991 683 1109 748 clarum
1136 683 1313 768 exemplum
1341 684 1379 748 L.

287 782 416 869 Eggius,
446 790 513 849 tam
539 790 630 869 turpe
659 783 727 868 (0.)
753 782 898 850 Ceionius
922 784 1078 869 prodidit:
1103 783 1166 868 qui,
1192 806 1264 849 cum
1288 785 1378 870 longe

285 883 456 949 maximam
479 892 601 969 partem
625 883 824 949 absumsisset
850 884 942 963 acies,
968 895 1078 948 auctor
1105 883 1280 965 deditionis,
1308 908 1380 970 sup-

285 984 377 1070 plicio
416 1006 510 1068 qnam
549 983 655 1070 proelio
691 983 771 1049 mori
806 984 929 1049 maluit.
990 984 1038 1049 At
1078 982 1162 1048 Vsla
1194 984 1378 1063 Numenius,

284 1085 406 1170 legatus
429 1083 519 1163 Vari,
544 1093 649 1149 cetera
673 1084 796 1169 quietus
816 1106 854 1148 ac
876 1083 1000 1170 probus,
1022 1083 1083 1149 diri
1104 1096 1214 1149 auctor
1230 1086 1376 1171 exempli,

283 1185 449 1270 spoliatum
467 1183 571 1269 equite
589 1184 727 1271 peditem
746 1185 928 1268 relinquens,
953 1184 1028 1271 fuga
1053 1207 1125 1249 cum
1146 1183 1205 1251 alis
1229 1184 1375 1251 Rhenum

282 1293 388 1370 petere
414 1285 570 1371 ingressus
595 1292 652 1350 est.
704 1284 796 1368 Quod
825 1284 944 1350 factum
969 1281 1036 1371 ejus
1061 1286 1187 1350 fortuna
1212 1285 1280 1350 ulta
1307 1294 1373 1351 est:

282 1408 344 1450 non
377 1385 460 1450 enim
501 1386 631 1452 desertis
660 1385 823 1470 superfuit,
854 1384 910 1450 sed
938 1385 1078 1451 desertor
1111 1385 1237 1452 occidit.
1296 1385 1375 1451 Vari

282 1509 393 1572 corpus
423 1486 606 1553 semiustum
638 1485 758 1551 hostilis
786 1485 977 1551 laceraverat
1011 1486 1141 1561 feritas;
1182 1494 1278 1572 caput
1307 1484 1374 1573 ejus

281 1587 462 1663 abscissum,
484 1586 644 1671 latumque
663 1584 706 1650 ad
728 1585 970 1665 Maroboduum,
991 1594 1023 1652 et
1049 1586 1090 1651 ab
1116 1608 1152 1651 eo
1177 1586 1312 1652 missum·
1330 1587 1373 1653 ad

282 1687 445 1767 Oaesarem,
459 1687 606 1772 gentilitii
621 1686 751 1752 tandem
767 1686 879 1751 tumuli
896 1686 1055 1772 sepultura
1068 1688 1255 1752 honoratum
1269 1696 1328 1753 cst.

326 1787 440 1853 CXX.
463 1787 526 1853 His
550 1787 668 1853 auditis
693 1786 813 1851 revolat
836 1785 878 1851 ad
905 1794 1026 1872 patrem
1054 1788 1178 1863 Oasar3
1206 1796 1374 1873 perpetuus

281 1897 431 1974 patronus
459 1887 594 1953 Romani
625 1887 757 1973 imperii,
784 1895 942 1952 assuetam
975 1887 1034 1952 sibi
1068 1910 1195 1953 oausam
1233 1889 1374 1975 suscipit.

228 2018 233 2045 ι
282 1988 426 2054 Mittitur
439 1988 481 2054 ad
499 1987 713 2064 Germaniam,
728 1986 847 2052 Gallias
863 1985 1035 2066 confirmat,
1052 1982 1189 2075 disponit
1206 1989 1373 2067 exercitus,

281 2089 427 2175 praesidia
454 2088 577 2164 munit3
613 2110 647 2152 se
673 2087 888 2173 magnitudine
915 2110 982 2166 sua,
1008 2110 1071 2153 non
1102 2087 1217 2153 fiducia
1248 2088 1372 2176 (ducis)

279 2190 421 2267 metiens,
440 2190 492 2274 qui
508 2187 696 2255 Cimbricam
714 2187 978 2273 Teutonicamque
997 2188 1141 2254 militiam
1158 2189 1260 2254 Italia
1276 2191 1373 2255 mina·

280 2289 383 2367 betur,
414 2290 497 2354 ultro
523 2288 669 2353 Rhenum
697 2310 769 2353 cum
798 2288 938 2353 exercitu
968 2290 1203 2375 transgreditur.
1271 2289 1373 2356 Arma

277 2389 372 2455 infert
396 2390 493 2476 genti,
521 2411 615 2475 quam
639 2388 773 2454 arcuisse
801 2397 891 2474 peter
912 2398 945 2453 et
966 2389 1069 2475 patria
1093 2389 1231 2453 contenti
1259 2399 1369 2464 erant;

280 2498 424 2575 penetrat
452 2491 593 2567 interius,
620 2488 721 2575 aperit
748 2488 873 2567 limites,
901 2498 1006 2554 vastat
1030 2512 1132 2574 agros,
1161 2489 1223 2553 urit
1251 2489 1370 2570 domos,

279 2591 384 2656 fundit
411 2591 539 2667 obvi0s3
578 2589 777 2674 maximaque
803 2612 874 2654 cnm
903 2589 1011 2674 gloria,
1043 2588 1189 2654 incolumi
1221 2590 1370 2670 omnium,

280 2715 357 2777 quos
381 2691 613 2768 transduxerat,
646 2712 787 2766 numero,
823 2690 855 2754 in
885 2690 1015 2755 hiberna
1047 2690 1224 2755 revertitur.
1287 2690 1372 2755 Red-

279 2793 374 2858 datur
403 2815 511 2857 vernm
542 2791 579 2855 L.
609 2789 780 2874 Asprenati
813 2789 1048 2864 testimonium
1080 2789 1133 2874 qui
1162 2790 1284 2876 legatus
1312 2791 1370 2857 sub

277 2893 433 2957 avunculo
461 2913 517 2957 suo
548 2890 636 2956 Varo
662 2888 810 2969 militaus,
837 2912 920 2956 nava
946 2890 1087 2974 virilique
1116 2913 1211 2976 opera
1238 2891 1372 2956 duarum

279 2992 445 3077 legionum,
469 2991 580 3075 quihus
607 2997 749 3076 praeerat,
779 2991 953 3055 exercitum
980 2990 1150 3055 immunem
1173 2999 1264 3056 tanta
1291 2992 1371 3057 cala·

277 3093 389 3157 mitate
401 3092 556 3166 servavit;
580 3098 762 3174 matureque
776 3089 818 3155 ad
831 3091 977 3155 inferiora
995 3090 1125 3156 hiberna
1145 3090 1371 3168 descendendo,

229 3237 235 3252 .
279 3191 460 3258 vacillantes
482 3189 552 3277 jam
578 3192 623 3257 cis
647 3190 794 3256 Rhenum
824 3191 955 3257 sitarum
981 3191 1121 3276 gentium
1151 3192 1270 3256 animos
1300 3214 1373 3257 con·

278 3290 426 3358 firmavit.
476 3291 558 3357 Sunt
583 3300 700 3370 tamen,
727 3291 790 3376 qui,
816 3298 853 3356 nt
876 3291 965 3357 vivos
989 3292 1029 3356 ab
1055 3314 1092 3356 eo
1117 3292 1300 3372 vindicatos,
1325 3293 1372 3358 its

272 3389 488 3478 jugulatorum
505 3392 563 3458 snb
579 3391 666 3457 Varo
682 3400 835 3477 occupata
849 3391 1038 3457 crediderint
1061 3393 1257 3476 patrimonia,
1281 3393 1370 3458 berc·

279 3493 470 3578 ditatemquc
494 3492 590 3558 excisi
613 3493 777 3571 exercitus,
797 3492 829 3557 in
859 3500 1011 3577 quantum
1025 3492 1167 3571 voluerit,
1182 3492 1223 3557 ab
1246 3516 1283 3557 eo
1302 3493 1369 3557 adi·

278 3602 354 3661 tam.
400 3593 490 3659 Lucii
508 3593 605 3658 etiam
622 3592 759 3671 Caedicii,
779 3593 916 3679 praefecti
936 3599 1118 3670 castrorum,
1136 3614 1301 3677 eorumque
1316 3594 1383 3677 qui·

276 3716 340 3759 una
356 3694 539 3759 circumdati
557 3693 687 3759 Alisone
709 3693 867 3759 immensis
889 3691 1117 3758 Germanorum
1136 3693 1231 3777 copiis
1248 3692 1369 3757 obside-

277 3794 400 3873 bantur,
431 3793 591 3860 laudanda
617 3793 718 3859 virtus
747 3802 817 3866 est;
861 3793 923 3877 qui,
957 3793 1101 3858 omnibns
1134 3790 1368 3858 difficultatibus

276 3894 441 3980 superatis,
457 3918 534 3980 quas
547 3893 651 3979 inopia
665 3916 768 3958 rarum
783 3892 1001 3975 intolerabiles,
1018 3893 1066 3959 vis
1080 3892 1217 3958 hostium
1233 3891 1368 3959 faciebat

277 3994 550 4080 inexsuperabiles,
565 4015 623 4059 nec
643 3994 809 4059 temerario
829 3993 966 4071 consilio,
984 4015 1042 4058 nec
1061 3994 1149 4080 segni
1173 3992 1370 4078 providentia

276 4095 335 4171 nsi,
356 4095 566 4181 speculatiqne
587 4089 864 4180 opportunitatem,
887 4094 968 4159 ferro
987 4093 1046 4159 sibi
1066 4093 1109 4159 ad
1131 4117 1204 4160 snos
1222 4116 1368 4180 peperere

276 4196 422 4261 reditum.
480 4195 533 4259 Ex
554 4216 616 4278 qno
640 4204 771 4278 apparet
797 4193 929 4274 Varum,
952 4217 1026 4260 sane
1056 4218 1184 4281 gravem
1216 4202 1249 4260 et
1277 4195 1368 4263 bonta

274 4296 445 4362 voluntatis
465 4295 578 4370 virum,
599 4293 699 4379 magis
719 4292 914 4381 imperatoris
938 4295 1095 4360 defectum
1116 4296 1253 4375 consilio,
1275 4319 1368 4380 quam

272 4398 390 4465 virtute
411 4396 598 4463 destitutum
618 4394 763 4475 militum,
786 4419 820 4463 se
841 4383 1241 4483 magnificentissimumqne
1266 4396 1368 4483 perdi·
