3202 5076
631 425 923 483 rnonseousns.
1271 413 1321 482 lix

226 593 358 661 liceret:
383 612 451 655 sese
464 587 579 653 habere
596 587 749 671 quasdam
765 610 824 666 res,
842 609 921 671 quas
935 608 975 651 ex
991 586 1148 652 communi
1171 608 1323 652 consensu

225 692 325 758 abeo
349 687 616 777 petererellent.''
661 687 711 752 Ea
736 710 771 753 re
794 688 954 773 permissa,
985 687 1068 753 diem
1091 685 1221 752 concilio
1248 709 1323 751 con-

225 792 399 858 stituerunt
426 798 459 855 et
482 786 697 875 jurejurando,
733 810 772 854 ne
799 787 868 872 quis
898 787 1088 865 enunciaret,
1121 787 1180 853 nisi
1209 787 1322 871 quibus

226 892 384 957 communi
398 889 526 956 consilio
540 889 724 954 mandatum
740 896 831 966 esset,
847 889 929 954 inter
942 911 975 955 se
989 896 1169 954 sanxerunt.

271 991 416 1057 XXXI.
450 990 500 1057 Eo
528 989 658 1055 concilio
685 988 822 1067 dimisso,
851 989 946 1055 iidem
969 988 1123 1074 principes
1145 987 1319 1067 civitatum,

226 1092 278 1178 qui
309 1100 383 1159 aute
419 1091 543 1156 fuerant
581 1090 623 1155 ad
663 1090 827 1179 (lasarum,
859 1096 1055 1157 reuerterunt
1093 1090 1320 1175 petieruntque,

228 1193 276 1259 nti
292 1193 352 1258 sibi
377 1199 496 1258 secreto
521 1189 692 1256 inocculto
714 1190 754 1254 de
770 1213 827 1257 sna
847 1191 1048 1275 omniumque
1072 1190 1173 1269 salute
1198 1212 1269 1255 cum
1284 1212 1323 1254 co

226 1316 317 1379 agere
331 1293 449 1367 liceret.
501 1290 551 1356 Ea
565 1314 598 1355 re
622 1290 802 1376 impetrata,
817 1313 884 1357 sese
899 1313 1006 1356 omnes
1020 1287 1130 1355 flentes
1144 1288 1262 1355 (laesari
1279 1289 1320 1354 ad

227 1393 322 1479 pedes
338 1391 555 1479 projecerunt:
581 1396 600 1428 “
610 1413 672 1456 non
686 1393 790 1458 minus
806 1414 840 1458 se
857 1391 891 1456 id
905 1391 1093 1456 contendere
1114 1397 1147 1454 et
1168 1389 1320 1468 laborare,

225 1517 265 1558 ne
279 1516 326 1572 sa,
341 1516 409 1577 qua
425 1492 587 1570 dixissent,
605 1493 853 1572 enunciarentur,
875 1513 968 1577 quam
985 1491 1033 1556 uti
1047 1514 1094 1569 ea,
1110 1514 1178 1574 qnae
1193 1490 1320 1569 vellent,

227 1594 441 1680 impetrarent,
461 1600 624 1680 propterea
648 1593 742 1677 qnod,
767 1593 793 1659 si
817 1593 1017 1657 enunciatnm
1045 1603 1137 1669 esset,
1163 1614 1320 1657 summum

226 1694 258 1758 in
296 1695 468 1759 cruciatum
496 1717 529 1759 se
558 1700 705 1759 venturos
726 1694 898 1759 viderent.''
949 1691 1089 1757 Locutus
1114 1699 1162 1757 cst
1190 1691 1319 1778 probis

228 1794 404 1860 Divitiacus
426 1793 577 1859 AEduus:
618 1801 638 1831 “
653 1794 763 1859 Gallia
795 1796 895 1859 totius
928 1792 1079 1858 factiones
1115 1814 1183 1858 esse
1216 1792 1315 1865 ducar

227 1895 341 1959 barum
353 1894 481 1961 alterins
496 1893 704 1980 principatum
720 1904 826 1960 tenere
851 1894 989 1971 AEduos‚
1005 1893 1133 1959 alterius
1147 1894 1319 1958 Arvernos.

230 1994 278 2058 Hi
293 2017 387 2077 quum
399 2002 561 2080 tantopere
576 1995 615 2059 de
630 2003 796 2080 potentatu
810 1997 893 2060 inter
902 2016 935 2060 so
951 1994 1067 2061 multos
1081 2016 1178 2059 annos
1192 2002 1321 2059 conten-

229 2094 350 2170 derent,
372 2095 488 2160 factum
515 2117 593 2171 csse,
614 2096 662 2160 uti
689 2096 730 2160 ab
756 2095 907 2161 Arvernis
932 2094 1144 2179 Sequanisque
1171 2094 1321 2160 Germani

229 2194 370 2260 mercede
395 2202 631 2261 arcesserentur.
682 2194 809 2261 Horum
841 2196 941 2280 primo
968 2195 1091 2260 circiter
1130 2195 1228 2260 millia
1264 2218 1321 2260 xv.

228 2294 373 2360 Rhenum
404 2295 572 2362 transisse:
605 2303 807 2380 posteaquam
836 2318 928 2380 agros
949 2303 982 2359 ct
1010 2295 1129 2360 cultum
1154 2305 1187 2359 et
1216 2296 1321 2381 copias

228 2395 390 2461 Gallorum
418 2396 559 2461 hemines
582 2395 639 2461 feri
666 2418 703 2460 ac
736 2395 861 2461 barbari
886 2396 1097 2473 adamassent,
1122 2395 1321 2461 transductos

227 2496 352 2582 plnrcs;
380 2519 464 2561 nunc
480 2519 546 2562 esse
567 2496 600 2561 in
626 2495 731 2562 Gallia
746 2496 788 2561 ad
809 2520 835 2562 o.
855 2504 888 2560 et
909 2520 965 2561 xx.
981 2495 1113 2561 millium
1134 2517 1318 2560 numerum:

228 2618 300 2661 cum
323 2596 372 2662 his
388 2597 517 2662 AEdnos
533 2619 700 2682 eorumque
724 2597 854 2662 clientes
868 2598 964 2663 semel
979 2604 1073 2680 atque
1088 2597 1202 2661 iterum
1225 2596 1321 2661 armis

228 2697 445 2763 contendisse:
472 2719 618 2783 magnam
642 2697 854 2763 calamitatem
874 2698 980 2782 pulsos
1005 2696 1171 2782 accepisse,
1195 2718 1323 2765 omnem

230 2796 438 2875 nobilitatem,
471 2820 595 2863 omnem
630 2808 784 2878 senatum,
813 2820 937 2863 omnem
967 2797 1142 2883 equitatum
1170 2796 1321 2862 amisisse.

228 2896 350 2980 Quibus
364 2897 478 2982 proeliis
492 2898 783 2984 calamitatibusque
797 2899 925 2977 fractos,
942 2898 995 2983 qui
1012 2906 1044 2963 et
1070 2920 1128 2964 sua
1141 2898 1269 2974 viante,
1288 2907 1321 2962 et

229 2997 337 3083 populi
370 2997 503 3063 Romani
533 2998 667 3084 hospitio
694 3007 788 3085 atque
817 3000 958 3065 amicitia
989 2998 1158 3085 plurimum
1184 3006 1258 3063 ante
1288 2999 1320 3063 in

229 3096 333 3162 Gallia
358 3098 542 3183 potuissent,
568 3106 692 3164 coactos
718 3122 784 3165 esse
804 3099 956 3185 Sequanis
983 3098 1107 3164 obsides
1129 3099 1214 3176 dare,
1230 3098 1319 3164 nobi·

228 3197 362 3263 lissimos
384 3198 531 3277 civitatis,
557 3207 589 3264 et
606 3197 811 3286 jurejurando
835 3200 996 3267 civitatem
1025 3200 1229 3285 obstringere,
1254 3223 1321 3265 sese

227 3320 327 3382 neque
354 3298 477 3365 obsides
501 3299 697 3384 repetituros,
714 3323 813 3385 neque
827 3300 979 3366 auxilinm
1005 3322 1025 3365 a
1050 3300 1164 3386 populo
1178 3300 1321 3366 Romano

229 3398 457 3483 imploraturos,
488 3423 587 3485 neque
613 3409 820 3477 recusaturos,
852 3424 913 3486 que
944 3399 1048 3466 minus
1074 3408 1224 3486 perpetuo
1262 3402 1321 3465 sub

227 3498 352 3563 illorum
367 3499 484 3565 ditione
500 3515 594 3585 atque
607 3500 737 3587 imperio
751 3510 865 3567 essent.
920 3501 1026 3566 Unum
1048 3524 1081 3567 se
1097 3524 1163 3566 esse
1179 3523 1220 3565 ex
1236 3500 1320 3566 omni

227 3599 356 3664 civitate
371 3599 563 3677 Adductum,
579 3601 632 3685 qni
660 3600 774 3671 adduci
798 3625 859 3666 non
883 3601 1030 3687 potuerit,
1057 3611 1093 3667 nt
1113 3599 1247 3687 juraret,
1263 3610 1319 3667 aut

226 3699 340 3765 liberos
364 3723 436 3766 snos
450 3700 573 3766 obsides
588 3701 687 3766 daret.
739 3701 790 3768 Ob
814 3725 884 3767 eam
905 3725 972 3768 rem
989 3725 1022 3768 se
1048 3725 1088 3767 ex
1104 3702 1233 3767 civitate
1250 3725 1321 3787 pro·

226 3799 342 3885 fugiam
356 3809 389 3865 et
409 3800 543 3867 Romam
571 3800 613 3866 ad
634 3811 777 3866 senatum
798 3803 928 3878 uenisse,
944 3802 1095 3868 auxilium
1117 3803 1321 3887 postulatum,

227 3899 312 3984 qnod
326 3900 411 3966 solus
429 3924 528 3986 neque
537 3899 741 3988 jurejurando
756 3925 856 3987 neque
871 3902 1031 3969 obsidibus
1043 3910 1210 3988 teneretur,
1257 3902 1321 3968 Sed

227 3997 317 4085 pejus
330 3999 499 4066 victoribus
517 4001 678 4086 Sequanis,
693 4026 787 4088 quam
802 4003 922 4069 AEdnis
936 4003 1037 4082 victis,
1053 4002 1212 4081 accidisse,
1227 4027 1322 4089 prop-

227 4107 315 4165 terea
339 4100 422 4185 quod
444 4101 633 4181 Ariovistus,
670 4125 726 4168 rex
752 4103 988 4182 Germanorum,
1016 4104 1048 4169 in
1075 4126 1181 4188 eorum
1209 4102 1322 4171 finibus

227 4200 416 4267 consedisset
430 4204 618 4288 tertiamque
634 4211 756 4289 partem
770 4206 837 4291 agri
851 4204 996 4289 Sequani,
1015 4205 1068 4289 qui
1082 4212 1163 4270 esset
1185 4205 1324 4290 optimus

227 4300 325 4367 totius
356 4302 477 4381 Galliae,
508 4305 720 4389 occupavisset
737 4313 770 4370 et
800 4328 882 4370 nunc
910 4305 950 4370 de
980 4305 1080 4371 altera
1109 4312 1198 4390 parte
1227 4304 1321 4369 tertia

227 4401 387 4486 Sequanos
409 4402 558 4470 decedere
581 4401 719 4490 juberet,
742 4414 907 4491 propterea
932 4406 1015 4490 quod
1041 4405 1148 4493 paucis
1165 4404 1322 4470 mensibus
