3246 5078
290 436 346 505 civ
559 449 635 504 nnn
658 447 840 504 annulur
867 448 915 504 or
942 447 1110 503 suerrus.

288 612 437 677 fratrem:
462 610 514 675 illo
524 613 637 689 locum,
648 618 681 674 et
690 609 830 695 prelium
840 608 1006 683 referente,
1021 614 1041 644 “
1052 607 1209 692 quodnam
1222 608 1385 693 praemium

291 710 485 797 recepisset”
509 711 653 796 exquirit.
701 708 830 774 Flavius
854 716 977 773 “aucta
997 709 1163 795 stipendia,
1180 715 1334 792 torquem,
1352 716 1386 772 et

294 835 450 891 eoronam,
465 812 586 895 aliaque
602 811 751 876 militaria
765 809 875 874 dona''
889 818 1052 886 memorat,
1070 808 1225 873 inridente
1241 807 1386 872 Arminio

294 913 371 978 vilia
384 912 501 977 servitii
517 912 628 997 pretia.

338 1013 386 1077 X.
409 1011 494 1075 Exin
527 1011 641 1077 diversi
677 1011 859 1076 ordiuntur:
887 1010 938 1074 bic
966 1010 1245 1096 “magnitudinem
1270 1009 1388 1075 Roma-

295 1135 385 1189 nam,
408 1134 481 1197 opes
509 1112 647 1189 Caesaris,
677 1120 709 1176 et
732 1110 825 1175 victis
847 1133 957 1197 graves
983 1133 1109 1196 poenas;
1138 1111 1169 1174 in
1196 1110 1386 1176 deditionem

296 1213 433 1277 venienti
450 1221 591 1298 paratam
606 1212 823 1284 clementiam
852 1233 950 1295 neque
966 1210 1129 1297 conjugem
1143 1220 1175 1275 et
1202 1209 1298 1275 filium
1323 1209 1390 1298 ejus

296 1313 452 1379 hostiliter
465 1312 605 1377 haberi.”
657 1312 716 1376 Ille
733 1320 752 1347 ‘⁶
764 1312 811 1376 fas
826 1312 944 1397 patriae,
960 1312 1137 1377 libertatem
1154 1313 1282 1388 evitem,
1300 1334 1393 1396 pene·

297 1415 392 1479 trales
418 1414 592 1478 Germania
618 1412 701 1489 deos,
728 1419 861 1476 matrem
888 1434 1014 1498 precum
1038 1412 1175 1485 sociam
1200 1434 1239 1477 ne
1267 1411 1391 1497 propin·

299 1537 429 1598 qnorum
445 1520 477 1578 et
492 1511 652 1589 adfinium,
670 1512 800 1595 deniqne
817 1512 920 1597 gentis
940 1535 1004 1577 suae
1026 1512 1164 1576 desertor
1185 1520 1217 1576 et
1241 1511 1390 1598 proditor,

299 1638 393 1699 quam
410 1615 579 1699 imperator
602 1636 667 1678 esse
688 1612 827 1677 mallet.’'
872 1611 1042 1677 Paullatim
1063 1613 1136 1676 inde
1151 1612 1193 1677 ad
1201 1610 1308 1699 jurgia
1323 1635 1392 1697 pro-

300 1716 388 1801 lapsi,
405 1714 568 1799 quominus
582 1736 717 1799 pugnam
734 1720 939 1784 consererent,
956 1736 995 1776 ne
1009 1709 1136 1777 flumine
1150 1713 1275 1796 quidem
1296 1713 1392 1777 inter·

294 1814 381 1901 jecto
417 1815 660 1888 cohibebantur;
702 1835 741 1876 ne
772 1812 939 1878 Stertinius
968 1813 1145 1889 adcurrens,
1174 1813 1300 1898 plenum
1326 1812 1392 1887 irae,

302 1924 479 1999 “armaque
491 1923 523 1979 et
536 1936 649 1998 equum
661 1913 680 1939 ”
695 1921 873 1999 poscentem
886 1911 1030 1978 Flavium
1042 1914 1231 1979 attinuisset.
1282 1911 1394 1978 (lerne-

302 2017 395 2080 batnr
412 2023 522 2079 contra
537 2014 772 2079 minitabundus
786 2014 957 2090 Arminius
972 2014 1173 2100 proeliumque
1186 2013 1391 2078 denuntians:

301 2139 374 2180 nam
390 2117 534 2202 pleraque
551 2114 665 2179 Latino
682 2137 822 2179 sermone
836 2111 1061 2199 interjaciebat,
1077 2115 1180 2198 utqui
1196 2114 1346 2178 Romanis
1362 2113 1394 2176 in

304 2217 415 2282 castris
431 2215 542 2280 ductor
557 2214 751 2300 popularium
766 2214 938 2280 meruisset.

349 2317 415 2380 XI.
439 2316 570 2381 Postero
614 2315 674 2393 die,
721 2314 946 2379 Germanorum
983 2314 1065 2381 acies
1109 2321 1196 2379 trans
1232 2313 1393 2399 Visurgim

303 2417 402 2482 stetit.
448 2416 559 2488 Oaesar,
586 2415 645 2480 nisi
670 2415 818 2500 pontibus
840 2414 1048 2500 presidiisque
1074 2414 1237 2500 impositis,
1262 2413 1337 2478 dare
1363 2414 1396 2478 in

305 2517 469 2582 discrimen
495 2516 631 2602 legiones
654 2515 738 2580 haud
768 2515 999 2600 imperatorium
1029 2522 1127 2589 ratus,
1153 2515 1288 2599 equitem
1315 2513 1396 2579 vado

306 2618 478 2682 tramittit:
513 2617 661 2702 pr'aefuere
690 2615 867 2693 Stertinius,
898 2624 931 2680 et
957 2638 974 2679 e
1004 2638 1131 2680 unmero
1162 2614 1398 2701 primipilarium

306 2718 469 2793 AEmilins,
503 2717 691 2781 distantibus
726 2716 802 2780 locis
828 2715 955 2796 invecti,
986 2724 1022 2780 nt
1049 2717 1170 2780 hostem
1203 2715 1397 2780 diducerent.

307 2819 378 2900 Qua
406 2816 582 2882 celerrimus
608 2817 719 2893 amuis,
745 2815 931 2881 Oariovalda
956 2816 1023 2880 dux
1053 2817 1245 2881 Batavorum
1274 2814 1395 2899 erupit:

307 2940 379 2982 eum
394 2916 541 2981 Ohernsci
557 2915 662 3000 fugam
678 2916 868 2994 simulantes,
887 2917 919 2980 in
936 2916 1096 3001 planitiem
1120 2917 1251 2981 saltibus
1270 2915 1400 2980 circum-

303 3016 422 3104 jectum
448 3023 592 3080 traxere:
624 3016 697 3080 dein
723 3015 830 3092 coorti,
857 3023 889 3081 et
914 3015 1049 3099 undique
1074 3015 1163 3081 effusi
1189 3016 1320 3082 trudunt
1345 3015 1403 3079 ad·

308 3138 421 3193 versos,
447 3115 566 3180 instant
589 3116 784 3190 cedentibus,
808 3116 1013 3200 collectosque
1041 3116 1073 3180 in
1095 3118 1214 3193 orbem,
1237 3138 1309 3203 pars
1329 3138 1400 3180 con·

307 3217 415 3302 gressi,
432 3215 559 3300 qnidam
573 3216 693 3282 eminus
707 3217 903 3301 proturbant.
949 3216 1143 3294 Oariovalda,
1158 3217 1212 3282 din
1226 3224 1402 3282 sustentata

309 3318 445 3382 hostium
471 3316 600 3394 saevitia,
623 3317 767 3381 hortatus
789 3339 861 3382 suos
883 3325 920 3382 ut
943 3318 1123 3402 ingruentes
1147 3326 1288 3382 catervas
1309 3317 1402 3403 globo

309 3417 497 3502 frangerent,
512 3425 606 3501 atque
621 3416 685 3502 ipse
701 3417 732 3479 in
749 3416 946 3483 densissimos
961 3418 1148 3503 inrumpens,
1164 3418 1318 3503 congestis
1333 3417 1404 3482 telis

313 3525 345 3583 et
369 3517 497 3582 suffosso
523 3539 602 3601 equo
626 3516 750 3597 labitur,
766 3540 803 3582 ac
826 3518 917 3582 multi
931 3517 1081 3582 nobilium
1098 3517 1199 3583 circe:
1225 3526 1342 3582 ceteros
1356 3517 1404 3583 vis

311 3641 377 3693 sua,
395 3623 451 3682 aut
473 3618 594 3702 equites
615 3640 686 3682 cum
703 3617 853 3683 Stertinio
870 3617 1065 3702 AEmilioque
1080 3618 1307 3692 subvenientes,
1323 3617 1403 3702 peri-

313 3718 383 3783 culo
398 3741 550 3783 exemere.

357 3818 443 3882 XII.
468 3818 573 3884 Caesar
598 3827 808 3905 transgressus
835 3817 1007 3904 Visurgim,
1030 3817 1144 3905 ipdicio
1167 3817 1303 3903 perfugae
1333 3841 1405 3903 cog-

313 3920 423 3997 noscit,
446 3918 634 3983 “delectum
658 3920 698 3985 ab
716 3918 861 3984 Arminio
886 3918 989 3984 locum
1006 3941 1139 4004 pugnae;
1167 3919 1346 3983 convenisse
1373 3928 1405 3983 et

311 4020 388 4084 alias
403 4019 545 4084 nationes
559 4017 591 4082 in
606 4019 716 4084 silvam
733 4019 863 4084 Herculi
878 4040 1007 4096 sacram,
1021 4040 1209 4103 ausurosque
1223 4026 1407 4084 nocturnam

313 4128 484 4185 castrorum
515 4119 807 4205 oppugnationem.''
852 4118 974 4185 Habita
1004 4118 1098 4184 indici
1126 4118 1214 4195 fides,
1241 4127 1273 4183 et
1302 4142 1406 4184 cerne·

312 4221 427 4285 bantur
452 4219 559 4305 ignes;
595 4220 807 4303 suggressique
829 4218 955 4304 propius
972 4219 1179 4304 speculatores
1196 4219 1328 4285 “audiri
1344 4220 1406 4285 fre·

312 4322 424 4385 mitum
448 4341 607 4404 equorum,
623 4318 825 4403 immensique
849 4327 882 4384 et
903 4319 1054 4384 inconditi
1076 4319 1211 4405 agminis
1235 4319 1408 4385 murmur''

309 4421 455 4489 attulere.
513 4419 615 4504 Igitur
643 4418 814 4504 propinquo
845 4442 974 4487 snmmae
1003 4419 1047 4484 rei
1079 4419 1266 4501 discrimine,
1297 4421 1403 4507 explo-
