3246 5078
649 434 942 491 Paonuoonnuu.
1304 446 1347 493 cv

245 605 359 671 raudos
381 601 518 667 militum
543 599 664 665 animos
689 605 786 675 ratus,
810 621 944 683 quonam
971 599 1004 664 id
1019 600 1113 664 modo
1128 600 1344 686 incorruptum

245 708 338 782 foret,
365 724 471 768 secum
495 700 655 787 agitabat:
682 698 868 764 “Tribunos
888 707 919 764 et
935 700 1131 765 centuriones
1144 699 1219 765 laeta
1233 703 1347 787 saepius

245 829 340 891 quam
355 809 515 888 comperta
528 800 672 866 nuntiare
685 825 694 874 ;
720 800 902 864 libertorum
918 801 1043 866 servilia
1065 801 1210 885 ingemat
1235 802 1345 868 amicis

246 907 346 971 inesse
363 902 594 968 adulationem:
619 901 645 966 si
661 900 767 964 concio
782 908 924 977 vocetur,
939 900 1002 965 illic
1018 924 1150 987 quoque,
1169 923 1238 987 qnae
1253 903 1345 988 pauci

247 1005 407 1092 incipiant,
425 1002 559 1087 reliquos
572 1000 771 1086 adstrepere:
796 1002 920 1084 penitus
935 1002 1105 1067 noscendas
1129 1012 1258 1080 mantes,
1275 1026 1345 1068 cnm

249 1106 360 1172 secreti
384 1112 416 1168 et
441 1101 633 1181 incustoditi,
656 1102 738 1166 inter
762 1100 913 1165 militares
938 1101 1033 1180 cibos,
1056 1125 1143 1187 spem
1157 1111 1213 1167 aut
1227 1112 1347 1169 metum

254 1202 457 1293 proferrent.''

295 1305 399 1371 XIII.
425 1303 526 1368 Nocte
563 1310 674 1388 coepta,
718 1323 859 1388 egressus
887 1301 1040 1386 augurali,
1076 1324 1131 1386 per
1161 1303 1286 1369 occulta
1317 1310 1349 1369 et

252 1406 395 1492 vigilibus
419 1404 537 1489 ignara,
559 1403 674 1468 comite
696 1424 769 1480 uuo,
792 1410 954 1467 contectus
976 1404 1122 1466 humeros
1143 1403 1242 1467 ferina
1258 1404 1348 1489 pelle,

252 1507 319 1573 adit
334 1515 507 1571 castrorum
521 1503 597 1584 vias,
614 1503 738 1569 adsistit
756 1502 975 1581 tabernaculis,
992 1501 1165 1587 fruiturque
1182 1502 1267 1568 fama
1280 1505 1346 1570 sui:

253 1630 324 1672 cum
341 1606 392 1671 hic
410 1612 430 1641 “
442 1602 636 1671 nobilitatem
654 1603 772 1683 ducis,”
792 1610 811 1639 “
824 1603 996 1668 decorsm”
1011 1602 1100 1680 alius,
1118 1604 1243 1688 plurimi
1264 1610 1283 1640 “
1296 1628 1350 1691 pa·

253 1708 406 1782 tieutiam,
429 1705 620 1779 comitatem,
644 1728 699 1790 per
721 1704 810 1777 seria,
828 1727 885 1790 per
901 1705 990 1789 jocos
1012 1703 1157 1768 eumdem
1179 1704 1350 1783 animum,”

254 1808 399 1873 laudibus
407 1805 541 1869 ferrent:
560 1813 580 1842 “
593 1804 845 1889 reddendamque
855 1804 991 1890 gratiam
1004 1804 1035 1867 in
1045 1804 1133 1868 acie*
1150 1804 1343 1871 faterentur:

255 1908 349 1972 simul
365 1914 384 1942 “
395 1902 528 1990 perfidos
542 1912 574 1969 et
586 1912 728 1991 ruptores
743 1905 836 1990 pacis,
850 1905 961 1970 ultioni
972 1912 1004 1969 et
1017 1905 1125 1990 gloriae
1136 1905 1352 1971 mactandos.”
1463 1899 1467 1907 ’

257 2007 347 2070 Inter
361 2026 429 2089 qua
445 2025 524 2067 uuus
538 2005 674 2069 hostium
691 2004 812 2068 Latina
829 2006 942 2091 liuguae
964 2005 1073 2081 sciens,
1089 2014 1160 2071 acto
1177 2007 1216 2071 ad
1233 2005 1350 2072 vallum

256 2129 347 2191 equo,
364 2128 439 2170 voce
462 2125 584 2188 magna,
604 2103 788 2189 “conjuges,
810 2113 842 2169 et
867 2127 968 2190 agros,
995 2114 1027 2170 et
1054 2106 1201 2191 stipendii
1223 2107 1349 2183 indies,

257 2207 356 2271 donec
383 2204 558 2282 bellaretur,
576 2204 736 2269 sestertios
762 2212 920 2279 centenos,
950 2206 976 2269 si
1004 2206 1073 2289 quis
1102 2207 1351 2293 transfugisset,''

259 2306 395 2372 Arminii
411 2303 535 2370 nomine
549 2304 722 2389 pollicetur.
775 2303 921 2369 Incendit
936 2328 974 2369 ea
990 2306 1179 2371 contumelia
1196 2307 1351 2393 legionum

258 2408 338 2473 iras:
380 2413 400 2442 “
413 2405 534 2471 venirat
563 2404 639 2484 dies,
669 2404 797 2469 daretur
828 2426 950 2490 pugna:
990 2416 1188 2490 sumptumm
1220 2407 1351 2472 militem
1463 2482 1468 2492 ,

259 2507 485 2572 Germauomm
511 2526 611 2591 agros,
640 2513 813 2570 tracturum
838 2502 1003 2591 conjuges:
1032 2506 1171 2590 accipere
1194 2530 1295 2585 omen,
1320 2516 1353 2572 et

258 2607 458 2673 matrimonia
483 2627 520 2670 ac
547 2605 694 2691 pecunias
717 2605 855 2670 hostium
872 2605 987 2689 praedae
1012 2605 1200 2683 destinare?
1244 2606 1352 2672 Tertia

259 2708 356 2773 ferme
378 2706 485 2793 vigilia
504 2706 698 2772 adsultatum
722 2714 770 2771 est
793 2705 912 2782 castris,
929 2705 995 2770 sine
1017 2702 1160 2791 conjectu
1183 2708 1250 2783 teli,
1268 2715 1354 2793 post-

260 2831 354 2894 quam
380 2808 504 2873 crebras
530 2830 586 2892 pro
609 2806 811 2872 munimentis
838 2807 990 2882 cobortes,
1017 2812 1050 2870 et
1081 2807 1158 2871 nihil
1189 2808 1352 2874 remissum

262 2931 395 2974 sensere.

304 3007 406 3073 XIV.
431 3007 503 3072 Nox
526 3007 636 3072 eadem
659 3008 765 3072 latam
789 3007 977 3072 Gemanico
1003 3007 1140 3093 quietem
1156 3007 1238 3086 tulit,
1258 3009 1352 3076 vidit·

261 3133 320 3195 que
342 3132 375 3174 se
397 3115 569 3194 operatum,
598 3115 631 3171 et
656 3108 805 3193 sanguiue
827 3129 914 3173 sacro
937 3130 1076 3194 respersa
1097 3117 1262 3194 pretextu,
1286 3111 1354 3196 pul·

261 3210 412 3275 chriorem
438 3207 532 3274 aliam
557 3206 700 3273 manibus
725 3209 805 3273 aviae
822 3207 977 3294 Augusta
1000 3209 1167 3295 accepisse.
1229 3210 1354 3278 Auctus

260 3311 373 3388 omina,
388 3307 606 3374 addicentibus
621 3308 777 3393 auspiciis,
795 3318 887 3373 vocat
909 3309 1097 3387 concionem,
1125 3318 1156 3375 et
1179 3332 1248 3396 qua
1273 3313 1355 3397 sapi·

261 3411 347 3476 entia
372 3409 511 3496 praevisa,
530 3420 666 3494 aptaque
696 3408 870 3473 imminenti
898 3432 1022 3495 pugnae,
1055 3409 1190 3476 disserit.
1248 3418 1267 3447 “
1281 3411 1354 3478 Non

262 3534 388 3597 compos
405 3509 499 3574 modo
526 3509 617 3575 militi
633 3508 776 3574 Romano
799 3509 840 3573 ad
856 3509 998 3595 proelium
1025 3509 1131 3588 bonos,
1147 3511 1202 3576 sed
1224 3511 1251 3575 si
1273 3513 1354 3578 ratio

262 3612 356 3688 adsit,
385 3611 479 3676 silvas
494 3615 526 3674 et
549 3609 666 3674 saltus:
692 3631 750 3673 uec
765 3610 848 3675 enim
869 3609 1021 3675 immensa
1036 3610 1239 3676 barbaromm
1253 3622 1352 3691 scuta,

262 3734 402 3778 enormes
425 3712 543 3787 hastas,
561 3710 643 3774 iuter
666 3717 794 3775 truncos
819 3709 975 3787 arborum,
998 3717 1030 3774 et
1053 3718 1148 3775 enata
1172 3711 1267 3776 bumo
1292 3713 1353 3779 vir·

260 3813 359 3899 guita,
395 3810 523 3897 perinde
560 3809 667 3874 baberi
697 3831 791 3894 quam
823 3809 895 3894 pila,
923 3818 956 3875 st
983 3809 1114 3895 gladios,
1143 3818 1176 3876 et
1205 3811 1354 3880 harentia

261 3913 380 3999 corpori
402 3910 560 3997 tegmina:
586 3908 752 3976 densarunt
767 3909 857 3988 ictus,
873 3932 929 3975 ora
943 3909 1141 3976 mucrouIbus
1158 3922 1351 3995 quaererent:

261 4037 323 4079 uon
348 4013 475 4078 loricam
490 4011 661 4086 Germano,
685 4032 745 4074 non
770 4009 911 4096 galeam
941 4034 980 4075 ue
1004 4020 1095 4076 scuta
1121 4012 1247 4096 quidem
1272 4013 1354 4079 ferro

260 4136 395 4180 nervove
423 4110 557 4187 firmata,
573 4110 629 4176 sed
653 4110 804 4177 viminum
831 4118 949 4189 textus,
966 4111 1015 4177 vel
1041 4120 1150 4177 tenues
1176 4121 1208 4177 et
1232 4112 1354 4180 fucatas

260 4215 362 4280 colore
384 4212 527 4279 tabulas:
552 4212 685 4297 primam
710 4219 879 4296 utcumque
903 4211 1003 4277 aciem
1029 4212 1204 4288 hastatam3
1230 4215 1352 4291 ceteris,

258 4322 394 4402 praeusta
414 4321 470 4378 out
492 4312 599 4378 brevia
620 4312 701 4378 tela:
723 4309 792 4400 jam
816 4334 937 4397 corpus,
954 4321 991 4377 ut
1013 4313 1081 4378 visu
1104 4319 1238 4392 torvum,
1254 4321 1286 4378 et
1310 4314 1353 4379 ad

258 4418 384 4483 brevem
399 4414 551 4499 impetum
568 4412 716 4490 validum,
732 4412 777 4479 sic
799 4411 885 4476 nulla
900 4412 1060 4478 vulnerum
1088 4413 1261 4497 patientia:
1285 4414 1352 4481 siue
