3232 5100
630 433 909 491 urimuouuun.
1219 422 1321 491 xxvii

223 628 297 671 aera
319 604 424 689 lapsus
448 601 564 668 imitari
579 600 755 675 videantur,
771 605 804 663 et
818 617 1041 679 nonnunquam
1058 595 1090 659 in
1105 595 1157 660 illo
1173 596 1320 663 barathro

223 704 377 771 horrendo
394 704 487 768 nimis
503 703 590 767 exitu
610 709 750 786 pereunt.
796 696 887 782 Saepe
910 718 982 760 oum
998 693 1068 781 jam
1086 694 1216 783 jamque
1240 721 1323 763 mer-

222 806 334 892 gendae
357 806 429 882 sint,
450 803 563 869 subitis
583 800 738 865 undamm
758 797 892 868 molibus
913 803 1076 862 retroactae
1102 805 1193 863 tanta
1216 821 1321 864 rursus

226 906 368 991 agilitate
404 904 517 970 exinde
555 902 748 986 elongantur,
778 904 896 982 quanto
932 897 1018 982 prius
1052 896 1204 962 adtracta
1239 907 1322 969 sunt.

228 1005 398 1071 Affirmant
422 1026 488 1070 esse
512 1011 544 1068 et
563 1001 658 1067 aliam
684 996 862 1084 hujusmodi
885 997 1074 1083 voraginem,
1092 997 1174 1062 inter
1197 998 1322 1064 Britan-

227 1106 312 1170 niam
327 1106 469 1180 insulam,
488 1102 684 1185 Galliamque
701 1097 910 1185 provinciam:
934 1097 984 1161 oui
997 1097 1093 1162 etiam
1116 1098 1160 1162 rei
1182 1099 1322 1186 adstipu-

228 1206 333 1271 lantur
363 1203 543 1288 Sequauiom
565 1199 805 1286 Aquitaniaequs
834 1197 936 1275 litora,
957 1220 1025 1281 quae
1055 1197 1159 1264 bisin
1184 1199 1234 1265 die
1256 1209 1323 1267 tam

226 1305 338 1371 subitis
355 1302 610 1369 inundationibus
623 1300 799 1385 opplentur,
815 1306 853 1362 at
867 1298 919 1382 qui
944 1298 1075 1364 fortasse
1097 1297 1323 1383 aliquantulum

227 1406 378 1471 introrsus
399 1428 419 1470 a
438 1404 530 1469 litore
545 1410 686 1488 repertus
702 1399 806 1476 fuerit,
823 1399 956 1463 evadere
970 1399 1024 1462 vix
1041 1399 1148 1483 possit.
1205 1399 1325 1468 Videas

228 1528 336 1571 earum
364 1504 526 1590 regionum
557 1499 694 1579 flumina,
726 1499 845 1565 fontem
873 1520 981 1563 versus
1012 1521 1104 1563 curm
1132 1500 1324 1567 velocissimo

228 1605 337 1680 relabi,
353 1628 390 1670 ao
404 1604 644 1690 permultorum
658 1600 791 1665 millium
805 1598 916 1685 spatia,
933 1598 1039 1664 dulces
1060 1596 1225 1665 fluminum
1245 1602 1325 1688 lym-

228 1708 308 1792 phas
337 1705 370 1769 in
399 1702 640 1769 amaritudinem
669 1700 759 1767 verti.
804 1699 950 1786 Triginta
977 1698 1074 1764 ferme
1103 1723 1122 1765 s
1153 1699 1326 1786 Sequanico

228 1807 318 1871 litore
345 1804 471 1870 Euodia
495 1803 596 1868 insula
622 1800 759 1866 millibus
784 1799 892 1881 distat,
916 1799 949 1864 in
974 1822 1045 1885 qua,
1070 1799 1152 1866 sieut
1176 1801 1217 1866 ab
1243 1803 1326 1869 illius

227 1906 336 1970 incolis
358 1905 570 1978 adseveratur,
585 1901 780 1988 vergentium
804 1900 837 1964 in
861 1900 993 1964 eandem
1015 1901 1209 1988 Charybdim
1228 1925 1326 1987 aqna-

229 2028 299 2070 rum
313 2003 479 2091 garrulitas
501 2002 639 2068 auditur.
683 2000 804 2065 Audivi
824 1999 980 2083 quendam
1001 2000 1227 2068 nobilissimum
1249 2003 1325 2069 Gal·

228 2106 328 2170 lorum
359 2105 555 2180 referentem,
583 2101 667 2187 quod
695 2100 862 2184 aliquantae
890 2122 996 2178 naves,
1024 2101 1110 2186 prius
1138 2109 1326 2189 tempestate

228 2206 392 2284 convulsae,
408 2203 607 2290 postmodum
628 2202 670 2266 ab
691 2201 750 2266 hae
772 2199 882 2265 eadem
911 2200 1072 2287 Charybdi
1095 2210 1212 2267 voratae
1240 2212 1324 2270 sunt.

232 2305 325 2370 Unus
345 2312 452 2370 autem
473 2327 513 2369 ex
535 2301 679 2367 omnibns
694 2299 770 2366 viris
785 2299 990 2379 solummodo,
1005 2301 1057 2386 qui
1072 2300 1103 2365 in
1119 2303 1250 2369 navibus
1264 2304 1326 2371 illis

229 2405 366 2482 fuerant,
395 2402 599 2469 morientibus
627 2400 757 2480 secteris,
789 2400 864 2465 dum
892 2399 996 2464 mbae
1024 2398 1171 2467 fluetibus
1204 2404 1325 2489 spirans
1433 2426 1442 2450 ·

228 2512 455 2593 supernataret,
471 2505 502 2570 vi
516 2524 667 2588 aqnamm
690 2498 854 2566 fluentium
868 2500 1032 2578 abductus,
1055 2500 1097 2566 ad
1119 2524 1207 2567 oram
1227 2516 1325 2589 nsque

229 2606 445 2672 immanissimi
459 2604 543 2671 illius
556 2601 696 2669 barathri
711 2601 864 2689 pervenit.
910 2600 972 2682 Qui
985 2624 1056 2665 cum
1065 2599 1134 2688 jam
1151 2604 1324 2688 profundis·

227 2708 349 2785 simam,
374 2713 406 2772 et
431 2705 498 2772 sine
521 2702 582 2768 fine
604 2716 716 2788 patens
738 2702 832 2767 chaos
856 2699 1041 2786 adspioeret‚
1057 2702 1185 2788 ipsoque
1209 2726 1324 2790 pavore

229 2815 443 2894 premortuus,
455 2828 489 2871 se
504 2805 577 2869 illue
589 2804 744 2869 ruiturum
759 2808 966 2887 exspectaret,
982 2802 1085 2868 subito
1100 2803 1183 2888 quod
1200 2827 1324 2890 sperare

228 2931 290 2972 non
305 2914 440 2993 poterat,
452 2928 529 2972 saxo
543 2904 678 2989 quodam
692 2900 884 2988 superjectus
900 2901 1026 2969 insedit.
1071 2902 1218 2970 Decursis
1232 2906 1326 2990 siqni-

230 3007 302 3072 dem
322 3006 392 3095 jam
418 3006 572 3081 omnibns,
601 3026 669 3088 qnae
699 3002 860 3069 sorbendae
890 3016 991 3081 erant,
1021 3002 1118 3087 aquis,
1146 3026 1209 3069 orto
1240 3006 1325 3073 illius

228 3107 352 3173 fueraut
374 3107 530 3193 margines
555 3103 716 3169 denudati.
768 3102 914 3186 Dumque
936 3102 981 3168 ibi
1005 3103 1088 3168 inter
1100 3106 1150 3169 tot
1163 3106 1325 3192 angustius

230 3209 352 3286 auxius,
368 3208 422 3272 rix
436 3207 477 3272 ob
491 3213 610 3271 metum
625 3203 782 3290 palpitans
802 3202 961 3280 resideret,
984 3202 1175 3289 dilatamque
1195 3206 1239 3270 ad
1259 3230 1326 3273 mo-

231 3307 336 3372 dicum
361 3315 494 3372 mortem
524 3304 725 3371 nihilominus
749 3301 915 3389 opperiret,
941 3303 1093 3389 conspicit
1120 3328 1192 3371 eccs
1221 3307 1325 3374 subito

231 3409 318 3492 quasi
339 3429 469 3493 magnos
490 3428 641 3491 aquarum
663 3411 785 3469 montes
803 3403 842 3468 de
856 3403 1010 3490 profundo
1026 3404 1153 3483 resilire,
1168 3429 1325 3494 navesque

230 3530 301 3591 quae
316 3507 470 3591 absorptae
484 3507 617 3582 fueraut,
633 3504 749 3592 primas
765 3526 931 3590 emergere.
976 3503 1117 3589 Cumque
1130 3528 1196 3571 una
1209 3531 1250 3573 ex
1264 3509 1325 3576 illis

230 3608 259 3672 ei
282 3607 429 3692 contigua
443 3604 541 3680 lieret,
556 3604 598 3670 ad
612 3627 682 3670 eam
698 3626 731 3670 se
745 3604 815 3670 nisu
827 3627 888 3688 quo
902 3604 1005 3690 potnit
1018 3606 1242 3692 apprehendit:
1267 3631 1326 3675 nec

229 3730 328 3785 mora,
356 3706 448 3772 celeri
477 3705 584 3772 volatu
613 3727 708 3790 prope
738 3704 814 3769 litus
844 3705 1005 3781 advectus,
1034 3706 1210 3772 metuenda
1238 3710 1323 3776 neeis

229 3830 319 3873 casus
347 3806 456 3886 evasit,
489 3805 605 3892 proprii
635 3805 836 3890 postmodnm
868 3805 996 3891 periculi
1028 3805 1144 3871 relator
1175 3807 1322 3876 existens.

230 3908 381 3973 Nostrum
395 3930 526 3993 quoqne,
545 3904 578 3969 id
595 3912 653 3981 est,
670 3904 870 3969 Adriaticum
891 3927 986 3983 mare,
1011 3906 1093 3990 quod
1115 3907 1322 3988 licet'minns,

229 4009 370 4074 similiter
383 4006 713 4083 tamenvenetiamm
737 4004 928 4090 Histriaque
942 4006 1035 4071 litora
1050 4006 1205 4092 pervadit,
1224 4010 1321 4075 credi·

227 4108 291 4173 bila
314 4117 362 4173 est
383 4130 496 4193 parvos
516 4104 693 4194 hujusmodi
715 4105 912 4191 occultosque
933 4107 1048 4171 habere
1063 4115 1195 4187 meatus,
1212 4111 1324 4195 quibus

229 4216 262 4273 et
294 4208 476 4273 recedentes
506 4230 593 4292 aquae
623 4206 816 4283 sorbeantur,
845 4214 877 4271 et
903 4229 1025 4272 rursum
1052 4206 1205 4275 invasura
1230 4210 1323 4276 litora

229 4316 438 4374 revomantur.
505 4306 567 4375 His
595 4307 701 4393 itaqua
731 4306 913 4394 praelibatis,
941 4307 984 4373 nd
1015 4316 1148 4395 creptam
1177 4310 1323 4376 narrandi

227 4410 340 4475 seriem
354 4409 527 4474 redeamus
