3264 5086
523 437 643 494 noros
668 437 721 494 ou
746 436 904 494 securos
930 436 1062 494 xxvnr.
1282 426 1331 498 87

242 591 338 647 suum
364 589 519 653 altissimus
545 591 734 671 impendebat,
761 599 795 652 ut
817 593 901 652 fooile
930 595 1066 673 perpauci
1092 595 1241 675 prohibere
1267 619 1334 677 pos-

243 694 331 748 sent:
364 690 486 751 ultorum
519 711 569 771 per
601 692 778 771 provinciam
811 699 944 765 nostrum,
978 692 1070 751 multo
1100 693 1213 753 futilius
1246 702 1334 774 etque

243 786 414 863 expeditius,
428 795 576 870 propterea
594 789 671 868 quod
691 788 889 848 Helvetiorum
909 789 986 848 inter
1004 789 1074 849 fines
1093 798 1122 850 et
1136 791 1332 872 Allobrogum,

245 883 296 958 qui
317 904 410 964 nuper
428 887 522 966 peoeti
542 893 634 961 erunt,
648 886 804 946 Rhodanus
824 886 899 958 finit,
913 887 994 965 isque
1006 889 1153 947 nonnullis
1173 890 1242 949 loeis
1260 891 1333 951 vodo

243 982 390 1043 transitur.
430 984 599 1044 llxtremum
613 985 752 1063 oppidum
765 984 953 1063 Allobrogum
967 991 1010 1044 est
1028 985 1248 1064 proximumque
1261 986 1333 1046 Hel-

243 1078 383 1139 vetiorum
394 1080 509 1153 finibus,
518 1081 641 1143 Genera.
681 1081 727 1141 le
740 1101 772 1141 eo
783 1081 888 1160 oppido
901 1102 973 1160 pons
985 1082 1022 1141 ed
1038 1083 1185 1143 Helvetios
1198 1084 1331 1163 pertinet.

244 1174 445 1257 Allobrogibus
466 1198 524 1240 sese
543 1179 588 1239 rel
611 1198 799 1258 persuasores,
823 1179 900 1257 quod
927 1178 1055 1239 nondum
1082 1181 1157 1240 bono
1178 1182 1275 1241 onimo
1299 1182 1331 1241 in

243 1275 382 1353 populum
401 1276 563 1337 Romanum
582 1277 756 1348 viderentur,
770 1276 976 1336 existimabunt
985 1297 995 1351 3
1014 1278 1061 1337 rel
1078 1279 1108 1338 vi
1127 1286 1282 1352 oonoturos,
1295 1286 1330 1338 ut

242 1391 294 1451 per
305 1393 369 1433 suos
380 1375 451 1435 lines
463 1394 510 1434 eos
529 1374 572 1433 ire
591 1381 766 1454 peterentur.
808 1373 948 1434 Omnibus
968 1374 1052 1434 rebus
1070 1374 1107 1433 sd
1128 1376 1330 1454 prosectionem

243 1473 420 1550 oomperutis,
440 1472 516 1532 diem
542 1471 652 1541 dieunt,
673 1491 731 1548 qus
750 1471 798 1530 die
819 1470 856 1530 od
879 1471 972 1549 ripum
994 1470 1127 1532 Rhodani
1148 1492 1244 1533 omnes
1264 1494 1331 1533 oon·

243 1568 375 1629 veniant:
395 1571 420 1629 is
433 1570 493 1629 dies
507 1574 568 1629 erut
581 1588 607 1628 o.
620 1567 649 1628 d.
664 1568 700 1629 V.
715 1567 780 1628 Καὶ
795 1569 867 1646 Apr.
880 1568 912 1627 L.
927 1568 1037 1638 Pisone,
1051 1570 1086 1628 A.
1103 1570 1226 1630 Gabinio
1240 1571 1315 1631 (loss.

283 1665 355 1726 VII.
385 1666 489 1727 Oeessri
519 1686 610 1744 quum
640 1665 672 1725 id
704 1666 872 1726 nunciatum
902 1672 980 1739 esset,
1004 1687 1050 1726 eos
1075 1687 1126 1746 per
1153 1668 1329 1746 provinciam

244 1770 369 1823 nostrum
392 1764 448 1823 iter
469 1763 559 1823 lsoere
580 1764 685 1837 oonnri,
699 1769 826 1824 maturet
848 1763 885 1823 eb
908 1765 979 1823 urbe
1001 1764 1140 1842 proficisci
1151 1786 1160 1838 ;
1180 1777 1218 1839 et,
1241 1786 1328 1844 quum

242 1861 376 1919 maximis
398 1868 492 1940 potest
512 1860 671 1930 itineribus,
692 1859 724 1919 in
746 1861 870 1921 (lollium
890 1861 1054 1921 ulteriorem
1073 1862 1221 1922 oontendit
1239 1870 1268 1923 et
1291 1864 1328 1925 nd

242 1957 385 2018 Generum
398 1957 547 2036 pervenit:
568 1957 720 2036 provincis
740 1957 796 2016 toti
814 1977 901 2035 quum
920 1959 1079 2019 maximum
1096 1966 1189 2038 potest
1202 1961 1329 2021 militum

243 2073 395 2114 numerum
408 2055 530 2135 imperet
543 2054 616 2136 (erat
634 2055 750 2114 omnino
763 2055 793 2113 in
807 2055 902 2115 Gallis
914 2056 1048 2116 ulteriore
1062 2056 1136 2134 legio
1149 2058 1220 2136 une)
1233 2079 1240 2118 ι
1261 2078 1332 2137 pon-

243 2158 311 2226 tem,
332 2153 384 2230 qui
405 2160 465 2212 erat
485 2152 522 2213 nd
544 2152 694 2225 Generum,
710 2151 794 2229 jubet
815 2153 944 2212 rescindi.
987 2153 1047 2212 Ubi
1071 2154 1106 2213 de
1123 2153 1185 2232 ejus
1204 2154 1329 2215 adventu

244 2248 372 2309 Helvetii
390 2250 522 2310 oertioree
540 2250 609 2310 forti
628 2256 704 2322 sunt,
724 2251 831 2329 legatos
848 2250 885 2310 od
905 2270 971 2309 eum
991 2251 1122 2323 mittunt,
1140 2252 1330 2312 nobilissimos

240 2347 374 2419 oiritstis,
388 2346 469 2424 eujus
481 2348 631 2425 legationis
651 2348 790 2407 Numeius
810 2353 839 2407 et
853 2346 1042 2407 Vemdoetins
1061 2347 1220 2426 prinoipem
1234 2349 1328 2409 locum

240 2445 417 2515 obtinebant,
429 2445 481 2523 qui
495 2444 621 2505 dioerent
641 2450 658 2480 “
665 2444 720 2504 sibi
733 2464 792 2504 esse
806 2445 838 2503 in
852 2444 955 2516 animo,
968 2445 1030 2504 sine
1043 2445 1104 2503 ullo
1116 2445 1254 2506 maleficio
1274 2447 1328 2506 iter

241 2560 293 2622 per
304 2542 480 2620 provinciam
496 2542 595 2616 fsoere,
608 2547 756 2622 propterea
767 2541 844 2619 quod
864 2541 944 2601 eliud
963 2542 1019 2601 iter
1038 2541 1175 2600 heberent
1195 2542 1329 2604 nullum:

241 2659 347 2719 rognre,
356 2647 392 2700 ut
404 2639 464 2718 ejus
474 2641 622 2701 roluntste
635 2640 667 2700 id
678 2640 735 2700 sibi
746 2640 837 2699 fnoere
849 2639 959 2699 lioest.”
989 2638 1092 2712 (leesor,
1103 2640 1180 2717 quod
1192 2640 1329 2699 memoris

241 2738 365 2807 tenebet,
384 2738 415 2798 L
431 2737 559 2799 Gessium
580 2739 722 2798 oonsulem
743 2738 874 2810 oooisum,
888 2737 1102 2815 exercitumque
1121 2736 1183 2814 ejus
1202 2738 1240 2797 eb
1260 2736 1330 2797 Hel-

240 2835 324 2895 vetiis
344 2835 459 2913 pulsum
479 2843 509 2895 et
528 2837 581 2895 sub
599 2835 703 2914 jugum
726 2836 853 2905 missum,
873 2835 1082 2895 oenoedendum
1105 2853 1163 2894 nou
1187 2835 1327 2914 putebat:

242 2951 334 3010 neque
346 2931 473 2992 homines
487 2932 602 2993 inimico
614 2934 718 3007 snimo,
732 2934 801 2993 dote
812 2933 949 2992 usmete
962 2952 1013 3011 per
1025 2932 1201 3011 provinciam
1215 2932 1328 2992 itineris

239 3028 374 3102 satiandi,
388 3036 592 3110 temperaturos
605 3031 641 3090 ob
654 3029 761 3107 injurie
778 3036 808 3088 et
826 3028 964 3088 mulefioio
977 3029 1169 3088 existimabat.
1211 3028 1327 3102 Temen,

241 3132 275 3185 nt
294 3126 420 3204 spatium
440 3126 613 3187 interoedere
632 3134 733 3206 posset,
747 3126 817 3185 dum
834 3126 951 3199 milites,
964 3145 1034 3202 quos
1047 3125 1245 3205 imperaverat,
1260 3145 1328 3184 oon-

240 3224 378 3293 renirent,
391 3224 492 3302 legetis
501 3224 657 3304 respondit,
671 3224 772 3283 “diem
786 3243 816 3283 se
827 3223 864 3283 sd
873 3221 1087 3282 deliber-nudum
1100 3229 1263 3282 sumturum
1272 3243 1284 3298 3
1303 3223 1328 3282 si

238 3318 310 3398 quid
321 3319 435 3394 vellent,
448 3341 473 3380 u
488 3320 516 3381 d.
531 3320 602 3382 Idne
615 3322 686 3400 Apr.
699 3321 934 3381 reverterentur.”

279 3415 366 3476 VlIL
388 3419 500 3478 Interes
522 3438 555 3480 eo
580 3419 700 3497 legione,
727 3438 814 3497 quum
841 3436 937 3477 seoum
961 3416 1094 3487 babebat,
1118 3415 1326 3494 militibusque,

237 3514 288 3591 qui
302 3533 339 3573 ex
353 3515 499 3593 provincis
510 3522 707 3586 convenerunt,
720 3537 739 3575 s
757 3516 822 3575 loon
841 3514 993 3585 bomuuno,
1007 3514 1057 3593 qui
1074 3514 1106 3572 in
1123 3513 1230 3572 flumen
1247 3512 1326 3572 Rho·

236 3610 343 3672 denum
356 3611 463 3683 influit,
473 3613 510 3673 sd
523 3620 648 3672 montem
660 3612 682 3672 J
682 3631 772 3684 uram,
782 3612 834 3691 qui
847 3612 917 3672 lines
928 3612 1122 3690 Sequnnorum
1135 3610 1172 3670 ob
1183 3609 1325 3670 Helvetiis

236 3707 349 3782 dividit,
362 3708 455 3770 millis
467 3729 601 3789 peesuum
614 3709 710 3770 deoem
724 3729 824 3769 novem
838 3728 961 3783 murum,
974 3710 1006 3768 in
1020 3707 1205 3769 altitudinem
1218 3707 1324 3786 pedum

235 3804 365 3881 sedecim,
376 3806 536 3887 fessumque
548 3807 687 3886 perducit
728 3806 771 3867 Eo
790 3826 873 3887 opere
892 3805 1023 3886 perfeeto,
1037 3805 1170 3885 presidis
1189 3805 1324 3896 disponit,

235 3902 349 3963 oestells
361 3905 527 3978 eommunit,
540 3924 598 3984 quo
610 3903 730 3977 fseilius,
744 3903 768 3963 si
782 3923 812 3963 se
824 3903 917 3962 inrito
930 3903 1052 3963 transire
1064 3910 1244 3975 conarentur,
1256 3920 1323 3981 pro·

234 3997 333 4058 hibere
345 4001 442 4080 possit
484 4002 544 4063 Ubi
558 4021 592 4063 ee
605 4002 673 4075 diss,
686 4021 774 4079 quem
791 4000 976 4060 eonstitueret
989 4019 1056 4059 oum
1069 3999 1179 4079 legetis,
1192 4000 1280 4073 venit,
1294 4012 1324 4059 et

234 4096 323 4175 legati
334 4097 371 4157 sd
379 4117 445 4158 eum
454 4107 639 4173 mutemur,
649 4106 743 4179 neget,
758 4104 775 4132 “
783 4117 812 4157 se
821 4116 899 4157 more
908 4104 938 4157 et
950 4097 1080 4176 exemplo
1090 4096 1190 4177 populi
1200 4096 1322 4157 Romsni

235 4212 315 4272 posse
328 4193 384 4253 iter
396 4195 452 4255 ulli
465 4215 515 4275 per
524 4196 700 4276 prorinoism
709 4196 777 4256 dere
786 4216 796 4270 3
816 4202 853 4269 et,
863 4195 888 4254 si
898 4195 958 4254 rim
970 4195 1061 4255 fsoere
1070 4201 1217 4264 conentur,
1227 4193 1324 4272 prohi-

234 4290 385 4351 biturum”
393 4292 526 4352 ostendit
548 4293 684 4366 Helvetii,
694 4313 728 4355 ee
736 4292 903 4372 spedeJeeti,
911 4292 1033 4353 neribus
1038 4291 1148 4370 junotis
1157 4291 1324 4368 retibusque

234 4389 428 4469 oompluribus
441 4389 532 4462 lesus,
545 4390 597 4451 elii
610 4391 690 4452 vedis
703 4389 915 4468 Rhodanique
927 4389 1048 4450 minimo
1059 4388 1183 4448 altitudo
1196 4387 1324 4448 fluminis
