3246 5078
307 474 430 543 lxxxvi
583 490 660 543 ran
682 489 864 544 canuam
887 487 935 544 or
959 485 1124 542 uacuus.

305 653 399 718 fuisse
411 652 613 727 arbitrantur,
627 650 774 734 inignem
788 649 935 727 inferunt,
947 649 1042 714 etiam
1056 649 1223 723 animalia3
1240 671 1278 713 ac
1290 647 1394 733 paullo

306 776 400 838 supra
415 753 494 816 hauc
515 750 696 815 memoriam
718 751 798 816 servi
820 759 853 815 et
879 750 1016 830 clientes,
1042 773 1119 834 quos
1142 749 1184 814 ab
1206 748 1246 814 iis
1265 748 1395 814 dilectos

306 876 372 918 csse
388 853 562 929 constabat,
574 849 670 936 justis
684 849 843 915 funeribus
857 850 1015 925 confectis,
1032 872 1095 915 una
1109 850 1336 914 cremabantur.

354 953 439 1017 XX.
468 954 546 1034 Quas
564 952 707 1017 civitates
722 950 914 1016 commodius
934 973 1024 1016 suam
1038 973 1104 1016 rem
1125 950 1282 1036 publicam
1298 949 1397 1014 admi·

307 1052 439 1118 nistrare
463 1053 692 1127 existimantur,
718 1051 834 1117 babent
854 1052 974 1137 legibus
998 1060 1150 1131 sanctum,
1178 1051 1204 1117 si
1229 1051 1298 1135 quis
1323 1048 1399 1134 quid

308 1154 347 1217 de
371 1178 403 1219 re
427 1153 551 1239 publica
575 1175 595 1216 a
620 1150 760 1217 finitimis
785 1175 907 1217 rumore
930 1175 968 1216 ac
992 1151 1077 1216 fama
1093 1151 1257 1237 acceperit,
1285 1149 1333 1215 uti
1357 1149 1401 1215 ad

308 1254 525 1339 magistratum
547 1252 677 1330 deferat,
692 1275 770 1317 neve
796 1275 867 1317 cnm
892 1275 953 1337 quo
976 1252 1037 1317 alio
1058 1251 1286 1317 communicet:
1313 1250 1400 1336 quod

308 1376 390 1441 saepe
421 1354 560 1421 homiues
587 1353 767 1419 temerarios
795 1362 889 1437 atque
918 1352 1079 1438 imperitos
1109 1352 1196 1418 falsis
1224 1351 1400 1418 rumoribus

308 1455 416 1520 terreri
441 1463 474 1519 et
497 1454 539 1519 ad
560 1454 681 1519 facinus
707 1452 823 1540 impelli
848 1453 943 1519 etde
970 1452 1100 1519 summis
1124 1453 1217 1518 rebus
1239 1451 1400 1517 consilium

309 1578 418 1640 capere
433 1555 593 1641 cognitum
615 1562 673 1620 est.
719 1553 937 1640 Magistratus,
953 1576 1021 1638 quae
1036 1553 1104 1619 visa
1119 1560 1203 1631 sunt,
1218 1552 1397 1626 occultant;

308 1678 437 1740 quaequc
454 1677 519 1720 esse
534 1676 574 1719 ex
591 1678 650 1720 usu
656 1652 879 1740 judicaverint,
896 1653 1091 1719 multitudini
1106 1653 1252 1740 produnt.
1298 1652 1349 1717 De
1365 1673 1399 1716 re

309 1756 434 1841 publica
450 1756 508 1820 nisi
524 1777 579 1840 per
593 1755 756 1820 concilium
772 1754 854 1838 loqui
869 1777 933 1820 non
949 1754 1141 1820 conceditur.

352 1854 457 1919 XXI.
481 1854 629 1919 Germani
658 1855 793 1920 multum
820 1855 861 1920 ab
887 1855 948 1920 hac
977 1854 1200 1920 consuetudine
1229 1852 1397 1920 differunt:

307 1978 381 2020 uam
401 1978 500 2039 neque
523 1954 659 2020 Druides
679 1955 806 2034 habent,
828 1956 882 2041 qui
902 1956 995 2022 rebus
1015 1954 1129 2020 divinis
1149 1954 1287 2041 praesint,
1303 1976 1403 2039 neque

308 2053 465 2121 sacrificiis
487 2054 625 2120 student.
670 2054 810 2121 Deorum
832 2078 962 2121 numero
986 2078 1039 2121 eos
1064 2055 1144 2122 solos
1171 2055 1300 2133 ducunt,
1323 2077 1401 2139 quos

308 2165 439 2221 cernunt
454 2164 486 2221 et
501 2177 632 2240 qnorum
646 2164 753 2242 aperte
765 2158 876 2242 opibus
884 2155 1046 2243 jurantur,
1059 2154 1164 2220 Solem
1179 2163 1212 2220 et
1223 2154 1401 2221 Vulcanum

308 2267 341 2321 et
357 2256 500 2321 Lunam:
528 2256 662 2341 reliquos
677 2279 717 2321 ns
732 2256 817 2322 sama
828 2257 952 2342 quidem
967 2263 1162 2342 acceperunt.
1209 2254 1287 2329 Vita
1301 2255 1401 2321 omnis

307 2356 340 2420 iu
368 2358 585 2422 venationibus
609 2367 702 2442 atque
728 2358 760 2422 in
788 2358 900 2424 studiis
926 2357 971 2423 rei
999 2357 1144 2422 militaris
1168 2355 1328 2421 consistit:
1359 2355 1400 2421 ab

307 2457 444 2541 parvulis
460 2457 558 2522 labori
575 2481 612 2524 ac
634 2458 757 2523 duritia
776 2458 913 2525 student.
959 2458 1020 2541 Qui
1037 2457 1209 2523 diutissime
1225 2455 1402 2541 impuberes

307 2567 554 2643 permanserunt,
581 2559 753 2624 maximam
774 2560 856 2624 inter
878 2581 950 2625 suos
974 2560 1079 2624 ferunt
1101 2556 1245 2622 laudem:
1273 2556 1334 2620 hoc
1355 2555 1398 2620 ali

307 2666 471 2737 staturam,
493 2659 535 2724 ali
560 2659 619 2724 hoc
640 2659 722 2724 vires
746 2681 918 2743 nervosque
942 2656 1117 2724 confirmari
1142 2663 1266 2743 putant.
1311 2656 1402 2721 Intra

307 2781 424 2823 annum
436 2781 509 2824 uero
523 2759 703 2824 vicesimum
713 2759 837 2824 feminas
846 2760 991 2824 notitiam
1004 2757 1158 2836 habuisse,
1172 2758 1205 2822 in
1214 2755 1401 2844 turpissimis

307 2858 425 2923 habent
440 2860 552 2933 rabber
577 2856 665 2945 cujus
681 2859 725 2923 rei
739 2859 825 2925 nulla
836 2867 883 2925 est
897 2860 1082 2937 occultatio,
1093 2856 1175 2943 quod
1184 2865 1217 2923 et
1227 2857 1400 2944 promiscue

307 2959 340 3022 in
368 2955 547 3024 fluminibus
575 2958 768 3044 perluuntur,
796 2968 829 3025 et
856 2960 988 3046 pellibus
1014 2967 1070 3025 ant
1096 2960 1201 3045 parvis
1227 2959 1400 3024 rhenonum

307 3058 487 3142 tegimentis
501 3067 642 3134 utuntur,
658 3082 773 3146 magna
789 3061 925 3147 corporis
941 3068 1031 3145 parte
1045 3060 1141 3125 nuda.

353 3157 476 3226 XXII.
504 3157 714 3244 Agriculturae
744 3183 806 3225 non
837 3161 985 3236 student3
1016 3158 1176 3247 majorque
1201 3180 1274 3245 pars
1300 3158 1400 3224 victus

308 3280 413 3322 eorum
439 3258 471 3323 in
495 3258 586 3338 lacte,
610 3282 711 3338 caseo,
726 3284 819 3326 came
841 3261 1000 3327 consistit:
1024 3283 1124 3345 neque
1149 3260 1311 3346 quisquam
1335 3259 1402 3344 agri

308 3358 436 3423 modum
453 3367 573 3425 certum
588 3370 643 3425 aut
664 3358 741 3427 fines
762 3362 858 3427 hebet
879 3362 1038 3447 proprios:
1066 3360 1122 3428 sed
1143 3360 1346 3446 magistratus
1365 3380 1403 3423 ac

309 3460 463 3544 principes
477 3460 509 3525 in
531 3483 629 3525 annos
651 3462 787 3548 singulos
811 3461 956 3549 gentibus
981 3460 1277 3548 cognationibusque
1300 3459 1402 3524 homi-

307 3560 463 3644 numqui
484 3583 549 3626 nna
570 3561 711 3638 coierint,
727 3572 888 3648 quantum,
911 3569 944 3627 et
965 3585 1026 3646 quo
1046 3563 1115 3627 loco
1132 3562 1233 3627 visum
1256 3567 1316 3637 est,
1333 3558 1401 3645 agri

307 3658 492 3726 adtribuunt
518 3669 612 3746 atquc
638 3686 720 3727 anno
743 3672 814 3750 post
838 3663 900 3728 alio
922 3663 1055 3729 transire
1078 3669 1205 3748 cogunt.
1249 3657 1329 3746 Ejus
1356 3657 1400 3723 rei

306 3760 423 3826 multas
452 3761 599 3826 adferunt
631 3785 775 3841 caussas3
808 3787 859 3842 ne,
890 3762 1023 3829 adsidua
1053 3760 1274 3829 consuetudine
1303 3759 1399 3845 capti,

307 3861 446 3925 studium
461 3861 533 3926 belli
554 3863 685 3948 gerundi
708 3864 897 3949 agricultura
919 3871 1133 3937 commutent;
1160 3884 1200 3926 ne
1221 3860 1303 3925 latos
1323 3856 1401 3924 fines

307 3982 416 4045 parare
437 3961 586 4028 studeant
607 3965 857 4050 potentioresque
877 3964 1058 4030 humiliores
1079 3960 1322 4050 possessionibus
1346 3982 1401 4024 ex·

254 4120 259 4132 ,
306 4061 446 4146 pellant;
485 4085 524 4127 ne
557 4061 736 4129 adcuratius
769 4065 811 4129 ud
847 4064 962 4149 frigora
997 4074 1092 4149 atque
1129 4071 1224 4129 aestus
1254 4060 1401 4128 vitandos

306 4159 482 4237 adificcnt3
522 4185 562 4227 ne
599 4186 660 4247 qua
691 4164 809 4229 oriatur
840 4164 977 4249 pecuuiae
1007 4165 1174 4251 cupiditas,
1205 4185 1267 4248 qua
1295 4184 1336 4227 ex
1365 4182 1399 4224 re

304 4261 454 4328 factiones
477 4262 740 4349 dissensionesque
765 4272 953 4340 nascuntur3
981 4273 1018 4330 ut
1043 4265 1140 4331 animi
1163 4263 1311 4348 aequitate
1333 4262 1397 4347 ple·

303 4362 374 4427 bem
398 4363 588 4445 contineant,
608 4387 702 4450 quum
728 4389 800 4432 suas
826 4364 954 4450 quisque
978 4389 1054 4453 opos
1078 4388 1149 4432 cum
1174 4361 1398 4451 potentissimis

302 4464 416 4548 aquari
432 4464 548 4530 videat.
640 4500 648 4509 ·
