3232 5100
305 429 354 498 xii
579 443 655 498 run
680 441 861 497 acaunus
887 441 935 497 or
959 443 1123 498 suerrus

302 604 355 688 qui
381 603 422 668 ad
448 604 615 669 Ponticum
640 625 724 667 mare
748 610 926 681 curvantur,
950 625 971 667 a
998 602 1155 668 Danastro
1183 604 1398 672 extenduntur

303 727 400 787 usque
429 703 470 768 ad
499 704 699 768 Danubium:
723 725 793 787 qua
820 700 949 767 flumina
975 695 1082 768 multis
1113 706 1324 771 mansionibus
1353 707 1396 771 ab

303 804 435 868 invicem
450 803 573 870 absunt.
626 803 680 867 Ad
697 804 771 867 litus
785 810 890 868 autem
914 801 1039 877 Oceani,
1058 802 1110 867 ubi
1134 804 1233 871 tribus
1254 805 1397 872 faucibus

304 901 422 968 fluenta
437 903 570 968 Vistula
592 900 728 969 fluminis
749 903 924 981 ebibuntur,
943 902 1094 968 Vidioarii
1116 904 1262 983 resident,
1285 928 1325 970 ex
1348 905 1397 970 di·

304 1003 400 1069 versis
414 1002 591 1069 nationibus
603 1004 774 1090 aggregati.
820 1003 898 1069 Post
915 1025 991 1088 quos
1008 1004 1106 1088 ripam
1121 1004 1237 1070 Oceani
1252 1005 1395 1071 itemesti

291 1110 421 1181 tenent,
437 1113 582 1189 pacatum
606 1103 767 1168 hominum
789 1126 887 1189 genus
912 1103 1047 1171 omnino.
1091 1104 1212 1185 Quibus
1232 1107 1264 1170 in
1286 1114 1394 1171 austro

301 1203 424 1269 adsedit
453 1227 530 1290 gens
559 1204 782 1290 Agazairorum
813 1204 990 1281 fortissima,
1018 1203 1141 1289 frugum
1174 1205 1291 1291 ignara,
1323 1229 1393 1291 qua

302 1305 463 1389 pecoribus
488 1313 520 1369 et
543 1304 758 1369 venationibus
778 1303 912 1368 victitat.
957 1302 1053 1367 Ultra
1074 1326 1150 1388 quos
1172 1305 1396 1371 distenduntur

302 1426 396 1489 supra
409 1427 495 1470 mare
513 1403 680 1470 Ponticum
696 1404 900 1488 Bulgarorum
915 1403 1013 1479 sedes,
1030 1426 1107 1487 quos
1123 1405 1299 1470 notissimos
1322 1429 1395 1491 pec-

301 1514 442 1569 catomm
467 1512 641 1569 nostrorum
671 1504 887 1568 malefacere.
944 1502 1035 1577 ,Hinc
1054 1501 1123 1590 jam
1157 1505 1276 1581 Hunni,
1303 1507 1393 1589 qussi

300 1604 536 1669 fortissimamm
551 1604 691 1690 gentium
704 1603 949 1669 facundissimus
962 1613 1076 1689 cespes,
1092 1605 1124 1667 in
1137 1604 1280 1670 bifariam
1294 1627 1393 1691 popu-

301 1704 400 1768 lorum
431 1704 548 1768 rabiem
576 1702 776 1788 pullularunt.
830 1703 912 1769 Nam
940 1703 993 1768 alii
1019 1702 1189 1790 Aulziagri,
1214 1705 1267 1770 alii
1297 1706 1391 1770 Auiri

302 1813 530 1888 nuncupantur,
553 1804 605 1887 qui
620 1810 725 1867 tamen
740 1803 828 1868 sedes
842 1804 958 1868 habent
974 1803 1120 1869 diversas.
1171 1804 1275 1870 Juxta
1293 1805 1390 1870 Cher·

301 1925 406 1968 sonem
425 1903 594 1989 Aulziagri,
620 1926 680 1986 quo
703 1903 787 1968 Asia
811 1904 892 1968 bona
916 1904 1026 1969 avidus
1050 1914 1202 1970 mercator
1229 1905 1389 1990 importat,

300 2001 353 2087 qui
378 2010 488 2068 aestate
513 2025 638 2088 campos
652 2012 861 2089 pervagantur
875 2003 997 2079 effusos,
1016 2005 1105 2069 sedes
1118 2004 1277 2082 habentes,
1297 2016 1388 2090 prout

299 2113 510 2168 armentorum
530 2103 731 2168 invitaverint
752 2104 888 2189 pabula3
921 2104 1033 2190 hyeme
1055 2126 1148 2189 supra
1169 2127 1254 2170 mare
1278 2105 1385 2170 Ponti·

300 2225 371 2267 cum
389 2226 421 2269 se
439 2204 614 2269 referentes.
665 2204 831 2289 Hunugari
847 2212 951 2269 autem
968 2204 1040 2268 hine
1055 2215 1127 2270 sunt
1150 2206 1227 2281 noti,
1251 2206 1323 2290 quia
1345 2206 1387 2270 ab

299 2303 375 2389 ipsis
397 2303 522 2389 pellium
545 2302 733 2368 murinarum
757 2305 842 2370 venit
864 2305 1100 2368 commercium:
1130 2327 1206 2389 quos
1227 2313 1387 2370 tantorum

299 2403 435 2469 virorum
462 2403 639 2469 formidavit
668 2403 809 2469 audacia.
870 2405 1009 2486 Quorum
1038 2405 1228 2470 mansionem
1255 2405 1387 2491 primam

299 2526 365 2569 esse
389 2504 420 2569 in
445 2504 583 2591 Scythia
607 2504 681 2583 solo,
703 2502 800 2590 juxta
822 2503 967 2589 paludem
997 2504 1188 2581 Maotidem,
1204 2505 1339 2570 secundo
1354 2506 1387 2570 iu

302 2604 422 2681 Moesia,
443 2604 650 2689 Thraciaque,
672 2612 705 2669 et
728 2603 837 2678 Dacia,
863 2604 956 2669 tertio
979 2627 1072 2689 supra
1097 2627 1183 2670 mare
1206 2604 1385 2680 Ponticum,

300 2728 405 2772 rursus
426 2705 457 2770 in
481 2704 612 2792 Scythia
632 2704 763 2790 legimus
785 2703 959 2770 habitasse:
984 2727 1041 2769 uec
1063 2727 1169 2769 eorrun
1191 2704 1312 2770 fabulas
1329 2703 1387 2769 ali-

300 2805 370 2870 eubi
385 2806 554 2891 reperimus
567 2804 706 2889 scriptas,
723 2803 774 2889 qui
789 2826 842 2869 eos
856 2804 964 2869 dicunt
978 2804 1011 2869 in
1026 2804 1200 2880 Britannia,
1214 2805 1262 2869 vel
1277 2804 1309 2869 in
1323 2827 1387 2869 una

297 2905 435 2989 qualibet
462 2905 630 2971 insularum
659 2905 691 2969 in
716 2904 897 2969 servitutem
923 2905 1077 2984 redactos,
1101 2913 1133 2969 et
1159 2904 1251 2970 unius
1275 2904 1386 2969 caballi

298 3004 398 3089 pretio
425 3004 580 3089 quondam
607 3005 793 3090 redemptos.
839 3005 908 3069 Aut
924 3013 1008 3069 certe
1022 3005 1048 3070 si
1064 3004 1133 3089 quis
1155 3028 1207 3070 eos
1228 3004 1317 3070 aliter
1338 3004 1386 3069 di·

299 3104 382 3169 xerit
400 3104 431 3168 in
451 3115 557 3171 nostro
579 3105 662 3184 orbe,
686 3127 778 3189 quam
797 3104 878 3189 quod
902 3127 958 3170 noa
974 3104 1120 3182 diximus,
1137 3104 1231 3170 firisse
1247 3113 1383 3182 exodus,

299 3204 387 3269 nobis
411 3205 528 3289 aliquid
553 3206 722 3290 obstrepit:
753 3228 810 3270 uos
836 3205 919 3271 enim
942 3205 1045 3289 potius
1069 3203 1193 3269 lectioni
1218 3204 1383 3281 credimus,

297 3326 392 3388 quam
406 3304 519 3371 fabulis
532 3305 666 3371 anilibus
679 3306 897 3371 consentimus.
943 3303 991 3368 Ut
1008 3327 1081 3390 ergo
1099 3303 1139 3369 ad
1156 3313 1295 3370 nostrum
1314 3327 1386 3389 pro·

297 3405 433 3490 positum
448 3405 622 3480 redeamus,
640 3405 670 3470 in
688 3407 788 3490 prima
811 3413 898 3490 parte
925 3404 1062 3491 Scythia
1080 3401 1177 3491 juxta
1202 3404 1385 3470 Maotidem

297 3514 527 3570 commanentes
544 3505 674 3590 praefati,
689 3505 771 3570 uude
786 3505 948 3589 loquimur,
967 3504 1096 3570 Filimer
1116 3527 1220 3590 regem
1242 3504 1386 3571 habuisse

296 3614 475 3671 noscuntur.
527 3604 565 3669 ln
581 3604 726 3680 secundo,
743 3603 846 3682 idest,
864 3605 981 3682 Dacia,
997 3604 1198 3689 Thraciaque
1215 3615 1248 3670 et
1266 3604 1384 3671 Masis:

296 3705 361 3770 solo
388 3705 572 3780 Zamolxen,
601 3728 692 3789 quem
720 3705 805 3770 mira
830 3705 1048 3791 philosophica
1077 3703 1259 3770 eruditionis
1291 3705 1384 3770 finisse

297 3813 453 3871 testantur
466 3805 602 3892 plerique
617 3806 781 3891 scriptores
794 3805 961 3871 annalium.
1007 3804 1038 3870 N
1039 3812 1136 3877 amet
1151 3804 1286 3869 Zeutam
1301 3806 1385 3890 prius

296 3905 472 3971 habuerunt
486 3905 652 3983 eruditum,
667 3913 737 3991 post
751 3906 846 3971 etiam
862 3906 1042 3984 Diceneum,
1058 3904 1185 3970 tertium
1200 3904 1384 3983 Zamolxan,

295 4005 336 4071 de
357 4029 417 4090 quo
442 4007 581 4093 superius
598 4005 742 4071 diximus.
789 4004 860 4070 Nec
875 4005 1050 4082 defuerunt,
1066 4005 1118 4089 qui
1133 4028 1186 4071 eos
1202 4004 1386 4090 sapientiam

297 4106 464 4172 erudirent.
511 4105 607 4171 Unde
621 4114 654 4171 et
668 4127 746 4192 pene
761 4105 903 4172 omnibns
918 4106 1056 4171 barbaris
1071 4105 1167 4170 Gothi
1184 4104 1385 4191 sapientiores

297 4230 418 4293 semper
444 4208 627 4283 extiterunt,
643 4206 820 4290 Graecisque
842 4229 920 4292 pene
936 4205 1118 4282 consimiles,
1137 4213 1172 4270 ut
1198 4205 1292 4271 refert
1310 4205 1383 4282 Dio,

297 4310 349 4393 qui
363 4308 508 4374 historias
529 4330 635 4373 eorum
656 4306 841 4391 annalesque
867 4306 976 4372 (draco
998 4306 1069 4371 stilo
1090 4307 1272 4391 composuit.
1324 4306 1385 4388 Qui

298 4410 379 4475 dixit
404 4408 538 4495 primum
562 4407 776 4486 Tarabosteos
795 4406 906 4472 deinde
921 4407 1075 4473 vocitatos
1096 4405 1235 4472 Pileatos
1249 4406 1315 4483 hos,
1333 4405 1385 4491 qui
