3246 5078
314 445 359 514 cii
433 496 443 517 .
588 458 664 513 uun
686 456 868 512 senuaar
894 456 1133 517 cursorius

312 626 380 683 tate
400 616 521 694 leniret,
544 616 705 680 cucumire
732 616 872 690 saucios:
901 614 986 679 facta
1011 612 1203 699 singulorum
1229 608 1401 681 extollere:

313 718 442 782 vulnera
463 717 600 792 intuens,
622 716 716 781 aliurn
740 739 803 802 spe,
827 716 923 781 alium
944 714 1055 801 gloria,
1077 719 1206 777 cunctos
1222 708 1356 794 alloquio
1373 716 1406 771 et

315 841 398 895 cura,
416 817 536 901 sibique
551 823 584 881 et
599 817 705 902 proelio
721 815 876 881 firmabat.

737 1022 835 1067 nacla.
858 1022 935 1062 ANN.
958 1022 992 1062 ΙΙ.

362 1117 406 1181 V.
429 1117 575 1183 (letarum
611 1116 735 1181 Tiberio
763 1115 849 1180 haud
878 1117 1036 1207 ingratum
1062 1112 1177 1180 accidit
1208 1111 1329 1178 turbari
1360 1131 1409 1174 res

318 1217 467 1295 Orientis,
482 1226 518 1283 ut
542 1240 579 1282 ea
602 1216 703 1303 specie
730 1215 951 1281 Germanicum
976 1216 1072 1281 suetis
1093 1213 1266 1300 legionibus
1286 1213 1406 1277 abstra-

316 1319 425 1393 heret:
453 1317 601 1402 novisque
626 1317 792 1402 provinciis
814 1316 1005 1402 impositum,
1023 1315 1094 1380 dolo
1116 1312 1208 1380 simul
1230 1321 1263 1377 et
1284 1310 1407 1378 casibus

318 1416 499 1505 objectaret.
544 1418 592 1482 At
606 1417 667 1497 ille,
686 1425 802 1502 quanto
817 1417 936 1482 acriora
950 1418 981 1480 in
1000 1438 1072 1481 eum
1087 1413 1192 1481 studia
1212 1413 1359 1487 militum,
1375 1418 1407 1475 et

318 1541 427 1584 aversa
448 1518 551 1604 patrui
572 1518 726 1594 voluntas,
750 1516 919 1581 celerandae
936 1516 1076 1582 victoriae
1097 1514 1254 1591 intentior,
1273 1522 1408 1578 tractare

319 1620 494 1705 proeliorum
508 1618 584 1697 vias,
603 1626 635 1683 et
661 1641 729 1702 quoe
753 1617 811 1682 sibi
836 1618 965 1682 tertium
983 1615 1052 1703 jam
1078 1638 1194 1680 annum
1217 1610 1411 1698 belligeranti

319 1742 400 1784 saeva
418 1720 467 1785 vel
481 1741 627 1804 prospera
643 1718 834 1783 evenissent:
860 1726 881 1753 “
891 1717 979 1783 fiundi
995 1717 1168 1782 Germanos
1182 1714 1248 1779 acie
1265 1722 1298 1778 et
1313 1711 1410 1799 justis

320 1819 416 1893 locis:
448 1817 554 1904 juvari
576 1817 670 1894 silvis,
697 1817 870 1903 paludibus,
900 1818 986 1883 brevi
1012 1824 1130 1891 aestate,
1161 1824 1193 1881 et
1221 1821 1408 1900 praematura

320 1919 439 1983 hieme:
464 1942 553 1984 suum
576 1918 707 1983 militem
729 1918 814 1982 haud
839 1918 965 2003 perinde
985 1917 1173 1992 vulneribus,
1189 1938 1283 2000 quom
1303 1912 1411 1998 spatiis

320 2019 476 2097 itinerum,
496 2019 610 2084 damno
626 2040 781 2083 armornm
802 2016 914 2083 adfici:
939 2018 1035 2085 fessas
1058 2017 1177 2082 Gallias
1198 2012 1409 2080 ministrandis

322 2119 427 2203 equis:
455 2120 581 2205 longum
606 2118 898 2205 impedimentorum
924 2141 1046 2206 agmen,
1069 2126 1278 2203 opportunum
1301 2114 1342 2179 ad
1366 2113 1413 2177 in·

321 2219 428 2297 sidias,
446 2219 677 2285 defensantibus
702 2218 853 2303 iniquum.
905 2220 954 2284 At
979 2220 1005 2284 si
1028 2240 1115 2283 mare
1139 2216 1281 2293 intretur,
1306 2236 1409 2300 prom·

322 2327 411 2406 ptam
435 2320 509 2406 ipsis
534 2319 765 2406 possessionem,
794 2327 827 2384 st
841 2319 983 2385 hostibus
997 2319 1156 2405 ignotam:
1179 2313 1271 2382 simul
1294 2314 1411 2379 bellum

323 2421 475 2485 maturius
496 2421 600 2507 incipi,
622 2420 818 2506 legionesque
840 2427 872 2485 et
895 2427 1086 2484 commeatus
1107 2418 1225 2503 pariter
1249 2414 1341 2481 vehi:
1366 2415 1412 2479 in·

323 2528 446 2607 tegrum
463 2522 609 2607 equitem,
625 2543 788 2606 equosque,
804 2543 859 2607 per
875 2543 930 2585 ora
943 2528 976 2585 et
999 2520 1104 2585 alveos
1127 2515 1289 2584 fluminum
1308 2514 1413 2580 media

328 2622 360 2686 iu
378 2621 547 2688 Germania
561 2623 657 2687 fore.”

368 2721 430 2788 VI.
454 2723 556 2809 Igitur
591 2723 650 2787 huc
687 2721 842 2787 intendit:
889 2721 990 2787 missis
1018 2720 1061 2785 ad
1089 2741 1199 2785 census
1228 2717 1411 2792 Galliarum,

326 2822 364 2886 P.
381 2822 511 2887 Vitellio
533 2832 566 2887 et
589 2821 625 2888 G.
641 2822 760 2896 Antio:
786 2822 890 2895 Silius,
914 2830 946 2886 et
961 2821 1109 2899 Anteius,
1126 2828 1159 2885 et
1181 2819 1305 2885 (laecina
1320 2817 1414 2883 fabri·

325 2922 431 2987 candae
453 2924 543 2989 classi
568 2932 797 3010 preponuntur.
851 2922 941 2987 Mille
963 2943 1058 2987 naves
1080 2918 1218 2986 sufficere
1240 2919 1324 2996 mssa,
1346 2940 1416 3003 pro·

326 3030 520 3107 parataque:
543 3023 611 3089 aliae
626 3024 745 3101 breves,
756 3032 890 3109 angusta
903 3024 1000 3109 puppi
1015 3044 1176 3106 proraque,
1190 3027 1222 3085 et
1237 3019 1302 3085 lato
1314 3027 1413 3094 utero,

327 3145 388 3205 quo
409 3122 530 3189 facilius
550 3121 661 3190 fluctos
676 3125 861 3189 tolerarent:
888 3123 1030 3207 quasdam
1048 3121 1148 3208 planes
1162 3120 1284 3199 carinis,
1299 3128 1335 3185 ut
1350 3117 1415 3183 sine

326 3243 410 3287 noxa
432 3222 587 3289 siderent:
612 3224 723 3310 plures,
745 3223 896 3309 adpositis
917 3225 1074 3307 utrimque
1095 3221 1320 3308 gubernaculis,
1343 3241 1417 3284 con-

327 3345 416 3388 verso
439 3330 475 3387 ut
499 3332 625 3409 repente
649 3325 787 3410 remigio,
803 3324 875 3388 binc
900 3325 950 3388 vel
973 3324 1058 3389 illinc
1071 3321 1283 3409 adpellerent:
1306 3320 1416 3384 multae

327 3424 474 3508 pontibus
497 3432 614 3502 stratae,
632 3447 724 3510 super
743 3446 820 3509 quas
837 3433 994 3490 tormenta
1006 3424 1203 3500 veherentur,
1220 3420 1312 3486 simul
1334 3427 1416 3505 aptes

327 3523 463 3589 ferendis
484 3525 570 3608 equis
592 3533 649 3590 aut
671 3524 869 3600 commeatui,
885 3524 961 3590 velis
974 3524 1104 3601 habiles,
1119 3524 1190 3589 cita
1205 3520 1307 3600 remis,
1324 3542 1419 3605 auge·

328 3623 443 3689 bantur
468 3625 629 3690 alacritate
652 3625 787 3691 militum
811 3625 842 3689 in
866 3624 1000 3712 speciem
1027 3646 1065 3689 ac
1093 3631 1253 3689 terrorem.
1310 3619 1419 3685 Insula

328 3722 521 3790 Batavorum
535 3725 568 3790 in
584 3749 678 3810 qnam
692 3725 892 3792 convenirent
907 3725 1066 3811 praedicta,
1082 3724 1122 3788 ob
1136 3723 1242 3789 faciles
1258 3720 1416 3807 adpulsus,

328 3824 573 3911 accipiendisque
588 3828 693 3912 copiis,
709 3835 741 3892 et
756 3825 1032 3893 transmittendum
1047 3825 1088 3889 ad
1102 3824 1218 3890 bellum
1232 3829 1417 3908 opportuna.

330 3923 412 3989 Nam
435 3925 563 3992 Rhenus
584 3949 646 3992 nno
668 3928 757 3993 alveo
778 3927 952 4005 continuus,
976 3934 1032 3991 aut
1053 3925 1192 3991 modicas
1216 3921 1332 3988 insulas
1361 3920 1420 3986 cir-

328 4025 534 4105 cumveniens,
549 4027 634 4112 apud
648 4026 834 4116 principium
848 4027 915 4114 agri
931 4026 1055 4104 Batavi,
1071 4025 1157 4091 velut
1172 4025 1204 4089 in
1219 4024 1297 4090 duos
1312 4042 1421 4088 amnes

328 4125 488 4205 dividitur,
516 4135 679 4211 servatque
706 4150 818 4192 nomen
845 4136 877 4193 st
903 4126 1082 4193 violentiam
1110 4148 1226 4203 cursus,
1252 4147 1315 4209 qua
1342 4122 1419 4188 Ger

327 4225 465 4291 maniam
488 4227 684 4311 prevehitur,
710 4226 809 4292 donec
837 4227 962 4294 Oceano
988 4227 1173 4292 misceatur:
1201 4225 1242 4289 ad
1267 4223 1420 4289 Gallicam

328 4325 427 4412 ripam
445 4326 537 4392 latior
553 4334 585 4393 et
607 4326 756 4413 placidior
769 4325 919 4407 adfluens,
936 4350 1024 4393 verso
1040 4333 1245 4413 cognomento
1262 4323 1419 4390 Vahalem

328 4427 441 4492 accola:
474 4428 601 4494 dicunt:
640 4450 714 4493 mox
747 4428 779 4493 id
812 4451 932 4514 qnoque
961 4427 1147 4493 vocabulum
1187 4433 1290 4492 mutat
1327 4424 1421 4489 Mosa
