3202 5076
626 445 918 501 rnouncousur.
1244 431 1320 500 lxiii

222 607 445 674 maturandum
474 607 532 673 sibi
558 606 762 686 existimavit,
791 630 838 689 ne,
857 607 884 672 si
907 629 989 673 nora
1011 630 1123 672 manus
1146 607 1319 672 Suevorurn

222 731 293 773 oum
310 707 468 774 veteribus
489 708 586 793 copiis
603 706 755 773 Ariovisti
779 730 845 773 sese
867 706 1088 794 conjunxisset,
1106 709 1209 774 minus
1230 709 1321 774 facile

222 810 324 874 resisti
338 817 454 895 posset.
507 808 620 892 Itaque
637 831 671 872 re
688 808 902 886 frumentaria,
917 832 1012 894 quam
1029 809 1187 874 celerrime
1204 809 1319 895 potuit,

223 916 415 993 comparata,
433 909 555 994 mugnis
569 908 733 974 itineribus
749 909 791 973 ad
808 910 1004 974 Ariovistum
1021 908 1193 974 contendit.

281 1008 500 1073 XXXVIII.
533 1009 638 1091 Quum
667 1009 764 1073 tridui
787 1008 871 1073 viam
897 1009 1105 1094 processisset,
1137 1010 1319 1074 nunciatum

223 1116 271 1175 est
289 1108 327 1186 ei,
345 1109 541 1174 Ariovistum
564 1132 636 1174 cum
664 1108 728 1174 suis
752 1109 896 1175 omnibns
918 1110 1014 1194 copiis
1035 1110 1077 1174 ad
1104 1111 1320 1196 occupandum

226 1210 462 1285 Vesontionem,
480 1210 564 1293 quod
581 1218 629 1274 est
643 1209 792 1294 oppidum
819 1211 992 1274 maximum
1008 1209 1231 1296 Sequanorum,
1250 1234 1322 1275 con·

223 1311 361 1387 tendere,
380 1311 537 1396 triduique
553 1311 637 1374 viam
654 1332 675 1373 a
691 1310 755 1374 suis
769 1307 883 1375 finibus
892 1310 1087 1395 processisse.
1133 1311 1171 1374 Id
1187 1334 1227 1375 ne
1242 1312 1320 1376 acci·

225 1411 323 1488 deret,
352 1433 466 1496 magno
491 1433 583 1495 opere
612 1409 670 1474 sibi
697 1410 936 1495 precavendum
962 1410 1067 1476 (laser
1096 1412 1319 1477 existimabat:

224 1534 358 1597 namque
380 1512 518 1575 omnium
545 1533 747 1594 rerumque
772 1510 813 1574 ad
837 1510 955 1575 bellum
980 1514 1049 1577 usui
1079 1519 1179 1589 erant,
1198 1534 1321 1578 summa

225 1613 341 1679 eratin
366 1634 403 1677 eo
419 1611 534 1697 oppido
557 1610 711 1686 facultas3
735 1611 827 1695 idque
842 1618 956 1676 natura
970 1611 1029 1676 loci
1046 1613 1090 1678 sic
1113 1613 1321 1690 muniebatur,

226 1721 263 1778 nt
277 1734 425 1800 magnam
441 1711 483 1777 ad
500 1711 677 1775 ducendum
694 1711 810 1776 bellum
833 1711 923 1776 daret
944 1711 1137 1790 facultatem,
1155 1722 1322 1799 propterea

227 1814 311 1899 quod
339 1812 456 1879 flumen
481 1812 594 1889 Dubis,
613 1818 650 1875 ut
675 1811 800 1889 circino,
827 1812 1085 1891 circumductum,
1103 1836 1191 1899 paene
1217 1823 1322 1878 totum

227 1914 377 2000 oppidum
403 1912 523 1999 cingit:
558 1913 712 1996 reliquum
737 1912 884 1997 spatium,
912 1912 996 1997 quod
1026 1922 1161 1979 estnon
1187 1913 1322 2000 amplius

228 2013 344 2099 pedum
369 2038 427 2091 nu,
460 2036 522 2099 qua
544 2010 660 2077 flumen
685 2011 881 2089 intermittit,
906 2035 997 2078 mons
1034 2014 1174 2079 continet
1207 2037 1323 2100 magna

229 2114 404 2190 altitudine,
421 2114 467 2179 ita
483 2120 520 2178 ut
534 2112 655 2178 radices
673 2112 789 2177 montis
810 2134 852 2177 ex
871 2120 1004 2197 utraque
1024 2122 1111 2199 parte
1126 2115 1201 2200 ripae
1218 2113 1322 2179 flumi-

228 2213 279 2280 nis
294 2214 483 2302 eontingant.
531 2212 627 2278 Hunc
641 2235 748 2277 murus
759 2211 969 2278 circumdatus
979 2236 1083 2278 arcem
1095 2213 1190 2279 efficit
1205 2223 1321 2279 etcum

229 2315 344 2401 oppido
365 2312 536 2400 conjungit.
594 2311 669 2377 Huc
691 2311 796 2377 Oaesar
816 2313 938 2397 magnis
963 2315 1122 2379 nocturnis
1144 2315 1323 2400 diurnisque

226 2415 390 2481 itineribus
401 2413 571 2491 contendit,
582 2422 794 2497 occupatoque
803 2412 927 2498 oppido,
940 2413 983 2476 ibi
994 2414 1170 2498 praesidium
1180 2415 1321 2489 collocet.

283 2515 466 2581 XXXIX.
499 2514 586 2579 Dum
614 2535 731 2599 paucos
761 2512 827 2578 dies
855 2512 897 2577 ad
930 2511 1156 2578 Vesontionem
1185 2515 1230 2578 rei
1258 2515 1324 2579 fru-

228 2616 388 2682 mentariae
411 2621 663 2698 commeatusque
688 2635 797 2678 caussa
823 2620 971 2690 moratur,
1001 2636 1041 2677 ex
1070 2615 1323 2699 percunctatione

227 2726 406 2783 nostrorum
421 2714 610 2798 vocibusque
634 2712 797 2778 Gallorum
819 2736 857 2778 ac
883 2720 1101 2791 mercatorum,
1125 2714 1178 2798 qui
1205 2715 1324 2800 ingenti

227 2816 445 2902 magnitudine
472 2836 637 2901 corporum
669 2814 850 2891 Germanos,
878 2814 1051 2879 incredibili
1079 2814 1198 2879 virtute
1226 2824 1324 2900 atque

229 2917 453 2987 exercitatione
481 2916 513 2980 in
542 2914 638 2980 armis
664 2936 730 2980 esse
766 2914 987 3000 praedicabant,
1015 2938 1226 3001 sepenumero
1257 2939 1324 2982 sese

228 3040 300 3082 cnm
328 3018 373 3083 eis
390 3038 568 3102 congressos
584 3038 624 3079 ne
638 3015 760 3080 vultum
783 3014 908 3099 quidem
929 3023 1023 3100 atque
1050 3016 1148 3080 aciem
1165 3016 1324 3081 oculcmm

228 3119 307 3183 ferre
318 3118 466 3203 potuisse,
480 3124 588 3182 tantus
597 3115 701 3180 subito
712 3114 807 3179 timor
822 3137 946 3179 omnem
962 3116 1135 3180 exercitum
1149 3118 1323 3202 occupavit,

228 3226 266 3283 ut
292 3240 354 3283 non
376 3217 574 3282 mediocriter
598 3214 737 3280 omnium
765 3222 886 3279 mentes
910 3215 1089 3300 animosque
1117 3219 1324 3302 perturbaret.

229 3318 295 3384 Hic
309 3318 443 3404 primum
459 3325 547 3382 ortus
560 3324 608 3381 est
622 3338 643 3380 a
653 3314 787 3381 tribunis
800 3314 945 3392 militum,
962 3317 1115 3401 praefectis
1128 3317 1323 3403 reliquisque,

228 3418 292 3503 qui,
306 3440 347 3483 ex
361 3418 439 3483 urbe
453 3416 597 3482 amicitia
623 3438 732 3480 caussa
747 3416 902 3482 Gaesarem
916 3418 1025 3496 secuti,
1041 3440 1104 3481 nou
1120 3441 1269 3505 magnum
1292 3420 1324 3483 in

228 3542 262 3584 re
288 3518 416 3584 militari
439 3540 530 3583 usum
554 3515 730 3580 habebant:
756 3538 887 3600 quorum
902 3517 991 3593 alius,
1009 3517 1071 3582 alia
1086 3540 1194 3583 caussa
1224 3519 1322 3597 illata,

227 3641 322 3704 quam
338 3619 398 3685 sibi
413 3618 454 3683 ad
478 3615 735 3703 proficiscendum
752 3617 957 3695 necessariam
982 3640 1048 3683 esse
1074 3618 1222 3695 dicerent,
1239 3626 1325 3705 pete·

227 3720 314 3798 bant,
339 3728 375 3784 ut
398 3716 465 3804 ejus
490 3717 653 3783 voluntate
681 3716 839 3781 discedere
866 3716 991 3782 liceret:
1027 3718 1178 3796 nonnulli,
1205 3720 1324 3805 pudore

227 3819 367 3898 adducti,
393 3827 431 3884 ut
463 3817 584 3883 timoris
607 3815 812 3902 suspicionem
843 3816 990 3894 vitarent,
1019 3819 1232 3884 remanebant.
1278 3820 1324 3883 Hi

228 3942 327 4004 neque
347 3920 470 3985 vultum
496 3916 622 4003 fingere,
640 3939 740 4001 neque
763 3916 921 3981 interdum
948 3918 1091 3983 lacrimas
1113 3926 1219 3985 tenere
1236 3930 1326 4005 pote-

228 4028 319 4085 rant:
346 4018 447 4085 abditi
462 4019 494 4083 in
508 4017 718 4084 tabernaculis
733 4025 788 4082 aut
805 4040 896 4083 suum
918 4018 1018 4082 fatum
1034 4019 1252 4103 querebantur,
1268 4030 1324 4085 aut

228 4142 300 4186 cum
339 4118 543 4185 familiaribus
579 4117 643 4183 suis
678 4140 841 4183 commune
879 4118 1050 4202 periculum
1087 4120 1324 4185 miserabantur.

228 4220 337 4307 Vulgo
351 4219 428 4287 totis
444 4218 555 4285 eastris
582 4225 772 4283 testamenta
795 4219 1048 4303 obsignabantur.
1102 4219 1226 4284 Horum
1242 4219 1326 4284 voci-

227 4321 287 4387 bus
300 4343 339 4389 ac
352 4320 464 4386 timore
482 4319 644 4405 paullatim
659 4319 754 4384 etiem
770 4319 801 4397 ii,
825 4320 877 4404 qui
895 4341 1043 4405 magnum
1058 4320 1091 4384 in
1108 4319 1219 4385 caetris
1234 4342 1324 4384 osum

227 4421 397 4499 habebant,
419 4420 535 4486 milites
558 4419 822 4503 centurionesque,
849 4419 962 4503 quique
988 4420 1131 4505 equitatu
1155 4428 1323 4505 praeerant,
