3202 5076
298 391 371 463 lxvi
570 403 648 458 nne
669 401 851 457 ceruini
877 402 925 458 01²
950 401 1116 459 userius

301 588 396 651 quum
421 563 465 640 id,
483 562 567 646 quod
585 569 682 627 antea
708 562 830 648 petenti
854 559 1047 648 denegasset,
1069 563 1153 629 ultro
1178 561 1391 650 polliceretur;

301 686 509 752 magnamque
541 663 573 727 in
603 685 691 748 spem
720 662 877 739 veniebat,
905 685 962 748 pro
999 664 1063 729 suis
1101 664 1200 729 tantis
1229 664 1395 751 populique

303 765 438 831 Romani
463 763 496 827 in
521 785 593 828 eum
618 760 784 841 beneficiis,
802 762 934 848 cognitis
959 763 1023 829 suis
1047 764 1224 849 postulatis,
1250 764 1325 844 fore,
1348 764 1395 828 uti

306 863 475 952 pertinacia
500 862 675 929 desisteret.
718 862 798 928 Dies
821 863 972 947 colloquio
998 863 1100 930 dictus
1125 873 1183 944 est,
1212 887 1252 929 ex
1279 889 1316 930 eo
1344 860 1400 930 die

306 967 443 1052 quintus.
488 962 618 1028 Interim
641 986 736 1048 quum
757 986 838 1049 soepc
861 963 944 1028 ultro
966 963 1105 1050 citroque
1129 965 1225 1051 legati
1247 965 1398 1030 intereos

308 1067 515 1142 mitterentur,
532 1064 711 1130 Ariovistus
734 1063 913 1149 postulavit,
931 1086 970 1128 ne
992 1087 1084 1148 quem
1106 1066 1243 1152 peditem
1268 1066 1312 1130 ad
1336 1064 1398 1129 col·

308 1166 446 1251 loquium
473 1165 578 1230 Goesar
601 1164 792 1230 adduceret:
817 1163 915 1229 vereri
942 1186 985 1242 sc,
1009 1188 1048 1230 nc
1065 1188 1120 1252 per
1143 1166 1270 1231 insidias
1295 1165 1338 1230 ab
1363 1188 1400 1230 eo

309 1265 607 1333 circumveniretur:
635 1272 764 1350 uterque
779 1286 851 1328 cum
876 1265 1016 1348 equitatu
1037 1266 1179 1338 veniretz
1203 1266 1266 1331 alia
1279 1266 1400 1330 ratione

311 1391 344 1434 se
359 1388 420 1430 non
435 1387 501 1430 esse
517 1373 694 1431 venturum.
746 1364 860 1441 Ooesar,
877 1364 961 1448 quod
977 1387 1076 1451 neque
1098 1366 1283 1451 colloquium
1305 1365 1402 1431 inter-

312 1467 415 1553 posita
439 1487 548 1531 caussa
578 1465 645 1530 tolli
672 1464 809 1540 volebat,
835 1487 934 1549 neque
959 1464 1092 1532 salutem
1121 1488 1209 1532 suam
1241 1466 1402 1532 Gallorum

313 1566 466 1652 equitatui
495 1565 690 1630 committere
715 1565 863 1643 audebat,
885 1565 1167 1633 commodissimum
1192 1590 1258 1634 esse
1279 1567 1402 1644 statuit,

313 1666 458 1733 omnibus
472 1666 559 1749 equis
573 1664 672 1731 Gallis
686 1664 842 1749 equitibus
856 1664 1015 1743 detractis,
1031 1690 1068 1732 eo
1092 1667 1275 1755 legionarios
1288 1667 1404 1732 milites

314 1765 445 1853 legionis
466 1765 604 1844 decimae,
622 1765 672 1830 cui
693 1787 787 1850 quam
807 1764 943 1830 maxime
968 1765 1155 1846 confidebat,
1176 1768 1343 1854 imponere,
1366 1774 1404 1831 ut

316 1865 494 1953 presidium
522 1888 616 1949 qnam
648 1863 877 1943 amicissimum,
910 1864 936 1931 si
976 1867 1059 1950 qnod
1087 1891 1166 1954 opus
1193 1868 1278 1934 lucto
1310 1874 1401 1944 esset,

315 1968 455 2032 haberet.
502 1965 593 2047 Quod
619 1988 714 2050 quum
742 1962 840 2043 fieret,
856 1988 919 2031 non
942 1964 1097 2033 irridicule
1119 1967 1246 2054 quidam
1262 1990 1303 2033 ex
1323 1966 1406 2032 mili-

318 2069 404 2134 tibus
429 2065 557 2131 decime
585 2066 715 2151 legionis
736 2064 840 2130 dixit:
874 2071 895 2101 “
903 2067 982 2152 plns,
1008 2090 1102 2152 quam
1129 2069 1285 2155 pollicitus
1313 2074 1407 2143 uret,

318 2168 476 2234 Oaesarem
501 2165 530 2229 ei
555 2166 678 2233 lacerer
700 2165 881 2251 pollicitum,
897 2188 930 2232 se
953 2166 986 2231 in
1009 2168 1144 2234 cohortis
1164 2168 1315 2255 praetoriae
1337 2168 1407 2232 loco

319 2267 472 2333 decimam
488 2265 639 2351 legionem
653 2265 842 2344 habiturum,
857 2288 939 2331 nunc
950 2267 992 2332 ad
1006 2290 1119 2352 equum
1133 2267 1331 2334 rescribere.''

364 2368 398 2432 X
405 2365 500 2430 LIII.
527 2365 683 2433 Planicies
707 2374 775 2431 erat
795 2388 919 2452 magna,
935 2375 967 2432 ct
991 2368 1023 2432 in
1045 2391 1083 2433 ca
1101 2370 1239 2434 tumulus
1265 2375 1407 2433 terrenus

321 2468 397 2535 setis
411 2465 548 2554 grandis.
600 2465 664 2531 Hic
686 2465 772 2532 locus
796 2489 883 2550 oequo
897 2466 959 2532 fere
974 2468 1076 2554 spatio
1087 2469 1128 2534 ab
1144 2467 1253 2535 castris
1269 2467 1409 2551 utrisque

320 2569 441 2635 aberat.
486 2565 545 2644 Eo,
562 2573 600 2630 ut
627 2574 696 2631 erat
720 2566 849 2645 dictum,
866 2565 907 2631 ad
928 2567 1114 2653 colloquium
1142 2577 1304 2635 venerunt.
1349 2568 1409 2632 Le·

320 2669 444 2755 gionem
470 2666 583 2743 Oaesur,
606 2689 700 2750 quam
727 2667 814 2752 equis
839 2666 1017 2747 devexerat,
1040 2669 1181 2754 passibus
1203 2670 1344 2735 ducentis
1368 2669 1410 2733 ab

323 2792 361 2834 eo
387 2768 508 2833 tumulo
525 2766 699 2831 constitnit.
750 2767 834 2831 Item
850 2767 970 2851 equites
983 2768 1137 2835 Ariovisti
1158 2771 1226 2857 puri
1246 2770 1410 2836 intervallo

324 2868 540 2934 constiterunt.
614 2865 803 2944 Ariovistus,
839 2890 880 2932 ex
908 2867 995 2951 equis
1030 2877 1062 2933 ct
1093 2871 1337 2955 colloquerentur
1368 2881 1409 2946 et,

325 2976 442 3053 praeter
465 2989 508 3044 se,
535 2966 631 3032 denos
655 2974 692 3031 ut
722 2965 764 3031 ad
793 2966 977 3051 colloquium
1007 2969 1207 3048 adducerent,
1233 2970 1411 3057 postularit.

327 3068 395 3133 Ubi
418 3090 455 3132 eo
483 3074 611 3132 ventum
634 3074 693 3144 est,
720 3067 824 3135 (issar
851 3067 939 3132 initio
969 3069 1118 3137 orationis
1139 3094 1196 3138 sua
1225 3079 1412 3155 senatusque

327 3168 360 3233 in
376 3189 448 3232 eum
470 3163 619 3230 beneficia
641 3167 904 3247 commemoravit,
923 3169 1037 3252 “quod
1058 3192 1115 3235 rex
1135 3171 1310 3257 adpellatus
1331 3176 1413 3236 esset

328 3291 349 3332 a
379 3274 499 3343 senatu,
529 3266 612 3350 quod
640 3268 769 3345 amicus,
799 3267 881 3352 quod
910 3290 1040 3335 munera
1074 3271 1264 3357 amplissima
1296 3271 1411 3337 missa:

329 3389 423 3453 quam
451 3388 518 3431 rem
542 3374 575 3431 et
605 3366 712 3452 paucis
741 3367 916 3453 contigisse,
951 3377 984 3434 st
1016 3393 1072 3455 pro
1105 3372 1226 3458 magnis
1254 3371 1415 3435 hominurn

330 3466 438 3532 officiis
453 3488 616 3532 consuesse
630 3467 726 3533 tribui
737 3466 757 3495 ''
780 3467 930 3533 docebat:
960 3468 1088 3548 “illnm,
1112 3494 1208 3555 quum
1227 3493 1326 3555 neque
1348 3469 1416 3535 adi·

330 3576 411 3642 tum,
426 3589 525 3651 neque
551 3588 692 3632 caussam
718 3567 895 3653 postulandi
914 3565 1034 3654 justum
1055 3570 1193 3651 haberet,
1208 3568 1356 3636 beneficio
1379 3592 1416 3634 ac

331 3667 518 3732 liberalitate
535 3689 593 3732 sna
606 3689 644 3731 ac
660 3677 786 3734 senatus
800 3691 837 3733 ea
851 3669 979 3755 praemis
992 3670 1222 3737 consecutum.”
1272 3668 1417 3734 Docebat

332 3768 437 3844 etiam,
456 3774 581 3851 “quam
603 3775 734 3846 veteres,
760 3791 913 3853 quamque
930 3766 1026 3855 justae
1045 3793 1160 3838 caussa
1183 3769 1419 3836 necessitudinis

332 3866 407 3954 ipsis
425 3889 497 3932 cum
509 3866 629 3931 AEduis
644 3866 881 3945 intercederent,
899 3891 967 3953 quse
983 3879 1108 3937 senatus
1124 3870 1273 3949 consulta,
1287 3870 1419 3954 quotics,

332 3989 487 4052 quamque
515 3964 684 4031 honorifica
706 3966 739 4033 in
765 3990 818 4033 eos
842 3967 927 4034 facta
953 3978 1073 4035 essenti
1104 3980 1141 4036 ut
1164 3972 1249 4037 omni
1279 3980 1419 4055 tempore

332 4068 430 4133 totius
443 4065 553 4132 Galliae
571 4065 780 4152 principatum
795 4066 899 4133 AEdui
914 4069 1080 4150 tennisent,
1105 4072 1190 4157 prius
1206 4071 1310 4149 etiam,
1326 4092 1419 4155 qnam

332 4174 472 4233 nostram
501 4165 672 4232 amicitiam
703 4166 918 4252 adpetisscnt3
945 4170 1050 4256 populi
1081 4171 1216 4237 Romani
1244 4172 1326 4237 hanc
1354 4192 1421 4236 esso

331 4267 596 4344 consuetudinem,
619 4274 655 4330 ut
681 4266 780 4333 socios
805 4275 898 4352 atque
926 4269 1043 4336 amicos
1065 4293 1128 4336 non
1154 4272 1247 4337 modo
1270 4272 1318 4337 sui
1344 4269 1421 4335 nihil

332 4367 510 4456 deperdere,
538 4365 594 4434 scd
610 4366 723 4452 gratia,
746 4366 910 4453 dignitate,
934 4368 1049 4437 honore
1073 4372 1228 4439 auctiores
1242 4371 1317 4438 velit
1339 4392 1422 4437 csse:
