3246 5078
644 440 938 499 Puonnuomnna.
1214 424 1343 494 lxxxix

245 607 418 692 conquisita
442 604 483 670 ab
504 602 599 669 labris
622 610 753 688 argento
768 599 1017 667 circumcludunt
1032 608 1127 685 atque
1142 599 1174 664 iu
1190 597 1345 684 amplissi-

246 709 306 774 mis
321 707 419 794 epulis
433 728 489 792 pro
504 703 623 790 poculis
637 710 780 769 utuntur.

498 955 585 1037 §xm
608 976 762 1018 suasurus
784 975 849 1017 sun
871 974 1085 1019 nunononuus.

292 1104 387 1170 After
403 1104 582 1173 Ariovistus
602 1106 634 1171 in
649 1104 738 1191 point
753 1104 790 1169 of
800 1106 888 1183 time,
903 1105 962 1171 but
978 1105 1083 1171 before
1098 1103 1165 1168 him
1179 1103 1212 1168 in
1227 1103 1344 1189 promi·

249 1228 345 1271 nance
360 1205 423 1270 and
440 1206 645 1292 importance‚
669 1227 758 1271 come
781 1206 836 1270 the
851 1213 916 1271 two
931 1213 1021 1292 great
1047 1205 1212 1282 Germane,
1236 1204 1342 1269 Armi·

250 1306 319 1371 nius
357 1307 418 1371 and
449 1306 683 1382 Maroboduum
721 1306 907 1391 concaming
931 1307 1034 1371 whom
1063 1306 1118 1369 tho
1142 1304 1230 1369 chief
1254 1311 1344 1370 texts

249 1429 302 1471 ura
325 1406 406 1471 from
422 1406 563 1472 Velleius
588 1406 774 1472 Paterculus
803 1406 866 1471 and
882 1405 1011 1472 Tacitus
1027 1404 1160 1470 himself.
1220 1404 1237 1469 Ι
1263 1404 1344 1470 shall

250 1507 373 1592 append
390 1515 425 1571 to
440 1508 529 1573 these
547 1505 714 1572 Niebubr's
738 1514 872 1572 account
888 1506 925 1571 of
945 1507 999 1571 the
1024 1528 1109 1571 sams
1131 1512 1249 1585 events,
1264 1527 1300 1570 as
1317 1505 1344 1570 it

250 1607 359 1672 stands
375 1607 407 1672 in
424 1607 482 1672 Dr.
500 1606 665 1672 Schmitz's
688 1605 807 1673 edition
834 1607 872 1672 of
888 1606 938 1672 his
960 1606 1119 1684 Lecturus,
1146 1606 1223 1671 such
1249 1604 1345 1691 being

251 1707 305 1772 the
326 1708 397 1773 best
412 1730 483 1793 way
499 1715 533 1774 to
556 1730 699 1793 compare
730 1708 784 1773 the
810 1707 957 1773 evidence
979 1707 1011 1772 in
1032 1707 1074 1771 its
1095 1704 1190 1772 crude
1215 1705 1278 1770 and
1300 1705 1344 1771 its

250 1806 474 1893 systematized
501 1808 592 1873 form.
636 1807 705 1873 Tho
729 1807 878 1875 criticism
903 1830 986 1894 upon
1013 1807 1069 1872 the
1089 1806 1190 1872 whole
1207 1806 1271 1870 will
1301 1807 1341 1872 be

250 1905 347 1971 found
364 1907 396 1971 in
410 1906 466 1971 the
480 1906 567 1995 body
583 1907 621 1972 of
629 1908 684 1974 the
702 1909 800 1974 work.

656 2104 744 2144 unni..
762 2103 888 2145 nunno.
904 2104 938 2150 11.

303 2202 431 2270 OVIII.
454 2204 542 2269 Nihil
564 2213 632 2271 crat
647 2203 716 2292 jam
743 2204 774 2270 in
803 2203 982 2282 Germania,
1010 2207 1094 2291 quod
1119 2208 1201 2273 vinci
1227 2216 1342 2294 posset,

250 2314 364 2390 prater
397 2314 524 2391 gentem
555 2305 875 2380 Marcomannorum
915 2329 992 2390 quae,
1034 2306 1229 2374 Maroboduo
1262 2308 1341 2373 duce

252 2406 357 2471 excita
384 2405 511 2472 sedibus
541 2407 616 2483 suis,
648 2414 743 2491 atque
770 2405 803 2469 in
826 2405 975 2470 interiora
996 2406 1162 2492 refugiens,
1189 2408 1342 2473 incinctos

254 2505 416 2592 Hercynia
438 2506 517 2573 silva
536 2529 663 2592 campos
680 2504 845 2572 incolebat.
891 2504 987 2570 Nulla
1002 2506 1161 2573 festinatio
1177 2506 1270 2593 hujus
1285 2509 1343 2575 viri

251 2606 441 2672 mentionem
466 2607 642 2694 transgredi
666 2607 769 2672 debet.
830 2604 1055 2686 Maroboduus,
1080 2630 1194 2693 genere
1222 2606 1343 2686 nobilis,

251 2728 377 2791 corpore
392 2709 572 2793 praevalens,
593 2707 698 2772 animo
721 2706 819 2784 ferox,
841 2705 968 2771 natione
989 2706 1090 2794 magis
1114 2707 1344 2792 quam·ratione

251 2806 411 2885 barbarus,
430 2830 492 2871 non
507 2807 756 2885 tumultuarium,
780 2828 879 2891 neque
893 2807 1067 2888 fortuitum,
1082 2830 1182 2892 neque
1196 2807 1343 2873 mobilem

252 2916 347 2972 etex
372 2907 532 2973 voluntate
555 2908 732 2993 parentium
758 2914 953 2972 constantem
980 2907 1061 2973 inter
1085 2930 1157 2974 suos
1181 2908 1344 2993 occupavit

251 3006 481 3093 principatum
519 3008 584 3086 sed,
617 3016 737 3073 certum
771 3006 934 3093 imperium
962 3008 1087 3093 uimque
1115 3008 1234 3095 regiam
1261 3031 1345 3073 com·

252 3107 362 3193 plexus
376 3108 490 3185 animo,
506 3108 629 3187 statuit,
646 3114 778 3174 avocata
797 3107 903 3192 procul
918 3129 938 3171 a
952 3107 1102 3174 Romanis
1114 3118 1209 3194 gente
1223 3131 1288 3188 sna,
1307 3131 1345 3173 eo

251 3208 405 3293 progredi,
429 3208 493 3285 ubi,
521 3231 592 3273 curn
616 3216 743 3295 propter
771 3206 947 3293 potentiora
975 3231 1062 3274 arma
1086 3208 1259 3295 refugisset,
1288 3231 1345 3274 sua

250 3308 365 3373 faceret
381 3308 606 3394 potentissima.

296 3407 389 3473 clx.
413 3407 583 3494 Occupatis
611 3408 717 3494 igitur,
741 3430 819 3493 quos
845 3408 1056 3494 prediximus,
1085 3408 1172 3486 locis,
1196 3407 1346 3476 finitimos

251 3530 359 3574 omnes
385 3516 443 3573 aut
472 3508 553 3574 bello
579 3508 710 3585 domuit,
737 3516 793 3572 aut
822 3508 1051 3574 conditionibus
1071 3506 1153 3596 juris
1176 3509 1224 3575 sui
1247 3509 1342 3574 fecit:

252 3630 364 3694 corpus
380 3631 472 3674 suum
486 3608 629 3673 custodia
643 3607 795 3673 munivit:
820 3609 995 3695 imperium,
1013 3609 1171 3695 perpetuis
1187 3632 1345 3675 armorum

251 3708 409 3774 exercitiis
438 3709 608 3793 (exoratu)
641 3730 728 3794 pano
759 3708 801 3774 ad
831 3709 983 3774 Romana
1016 3708 1184 3796 disciplina
1211 3710 1345 3775 formam

251 3810 388 3886 redacto,
406 3809 493 3874 brevi
509 3809 541 3874 iu
556 3810 694 3874 eminens
710 3815 742 3873 et
756 3816 863 3874 nostro
883 3832 1005 3895 quoque
1024 3810 1154 3895 imperio
1170 3809 1346 3877 timendum

252 3908 399 3995 perduxit
423 3909 606 3995 fastigium3
646 3908 835 3994 gerebatque
862 3931 895 3975 se
925 3909 971 3975 ita
996 3909 1145 3975 adversus
1175 3910 1345 3989 Romanos,

251 4018 288 4074 ut
321 4031 422 4094 neque
456 4010 536 4075 bello
573 4032 631 4075 nos
661 4009 835 4088 lacesseret,
862 4017 905 4088 et,
936 4010 962 4076 si
993 4009 1205 4090 lacesseretur,
1236 4033 1345 4097 supcr-

252 4131 319 4176 esse
346 4109 405 4176 sibi
432 4110 497 4176 vim
528 4133 566 4176 ac
590 4110 788 4176 voluntatem
817 4110 981 4177 resistendi
1013 4109 1234 4196 (ostenderet).
1286 4110 1346 4175 Le-

250 4211 328 4295 gati,
367 4232 445 4295 quos
480 4210 626 4276 mittebat
659 4209 703 4275 ad
740 4210 890 4289 Caesares,
919 4210 1077 4277 interdum
1110 4220 1147 4277 nt
1174 4211 1344 4297 supplicem

251 4311 522 4390 commendabant,
554 4310 713 4377 interdum
742 4320 779 4378 ut
811 4335 867 4397 pro
899 4312 966 4398 pari
999 4311 1215 4397 loquebantur.
1260 4309 1346 4374 Gen·

252 4411 337 4478 tibus
366 4411 601 4496 hominibusque
627 4434 647 4476 a
674 4412 763 4479 nobis
788 4412 1031 4480 desciscentibus
1062 4421 1129 4478 erat
1158 4409 1241 4498 apud
1273 4432 1345 4474 cum
