3264 5086
561 423 661 480 uorn
687 423 739 479 ou
763 422 922 479 suonou
947 422 1010 477 xv.
1263 408 1310 477 65

217 583 284 676 ipsi
309 583 464 655 hebent:
489 581 583 655 miri
609 584 816 655 diversitate
842 591 986 668 naturae,
1010 582 1094 652 oiim
1116 582 1224 652 iidem
1248 580 1312 650 ho-

217 702 332 771 mines
348 702 398 771 sic
424 710 546 772 ament
575 701 752 783 inertiam,
780 708 818 771 et
846 700 987 770 oderint
1010 701 1181 790 quietem.
1226 697 1311 768 Mos

217 830 273 889 est
290 818 494 890 civitatibus
511 818 606 888 ultro
624 841 665 888 cc
684 817 817 888 viritim
843 816 1003 887 conferre
1020 816 1238 909 principibus
1255 814 1311 884 vel

217 943 460 1006 armentorum
487 934 543 1005 vel
566 934 719 1028 frugum,
745 933 839 1026 quod
865 954 930 1025 pro
954 933 1088 1003 bonore
1112 939 1312 1023 acceptum,

216 1053 327 1123 etiam
344 1052 615 1124 necessitatibus
631 1052 809 1123 subvenit.
851 1049 1023 1123 Gaudent
1040 1047 1215 1142 precipue
1232 1048 1312 1118 lini·

217 1169 383 1240 timarum
400 1170 564 1263 gentium
581 1167 692 1249 donis,
711 1190 788 1259 quae
809 1190 881 1236 non
906 1161 1015 1237 modc
1032 1189 1054 1236 a
1070 1165 1229 1259 siugulis,
1247 1165 1309 1234 sed

216 1284 357 1379 publice
383 1286 597 1357 mittuntur:
635 1284 740 1356 electi
759 1284 852 1377 equi,
870 1307 999 1377 magna
1020 1305 1127 1364 arma,
1145 1281 1309 1376 phalerae,

218 1410 439 1496 torquesque.
491 1402 516 1472 J
517 1426 573 1473 am
586 1410 624 1472 et
639 1402 827 1494 pecuniam
846 1401 1005 1493 accipere
1023 1400 1218 1470 docuimus.

580 1590 654 1631 torn
674 1591 712 1631 Oli
732 1590 848 1633 armon
868 1590 917 1631 XV.

258 1707 268 1741 ¹
286 1698 566 1782 mitond-This
579 1703 604 1760 is
617 1723 634 1762 a
648 1714 775 1763 mearum
788 1703 821 1762 of
834 1702 883 1762 the
897 1709 997 1762 extent
1017 1709 1047 1760 to
1061 1701 1154 1760 which
1171 1699 1222 1759 the
1241 1699 1311 1758 Ger-

215 1818 296 1858 mana
310 1819 381 1858 were
399 1799 574 1876 exclusively
586 1801 844 1877 agricultural-at
856 1802 927 1860 least
940 1799 1128 1878 agricultural
1142 1819 1173 1858 aa
1186 1797 1309 1877 opposed

215 1903 245 1955 to
259 1895 439 1974 populations
451 1895 482 1952 in
496 1896 546 1955 the
559 1896 760 1956 bunter-state.

259 1990 408 2066 Probably,
428 2003 519 2068 except
537 1994 568 2052 in
584 1994 627 2052 tlte
640 1995 751 2063 Morka,
770 1994 850 2053 tbere
868 2015 924 2054 was
942 1996 997 2054 less
1015 2013 1097 2072 geme
1116 1994 1146 2052 in
1166 1992 1309 2068 Germauy
1426 2032 1429 2037 <

218 2091 250 2149 in
265 2087 315 2149 the
328 2088 399 2147 time
412 2089 445 2146 of
454 2086 572 2148 Tacitus
586 2089 656 2149 than
671 2090 751 2150 there
765 2091 789 2149 is
803 2111 874 2150 now,

667 2322 866 2332 m———ss

268 2481 378 2554 XVI.
405 2481 536 2554 Nullas
554 2481 815 2554 Germanomm
839 2479 978 2573 populis
1003 2479 1124 2551 urbes¹
1147 2480 1309 2559 habitari,

218 2600 303 2669 satie
320 2607 445 2668 notum
464 2609 528 2682 est,
551 2598 689 2691 nepoti
707 2598 853 2691 quidem
870 2597 965 2667 inter
979 2619 1017 2667 sc
1037 2596 1182 2689 junctas
1199 2599 1308 2666 sedes

218 2714 353 2786 Colunt
366 2715 509 2786 discreti
523 2738 564 2785 ac
579 2714 719 2806 diversi,
734 2727 776 2785 ut
794 2713 885 2796 fons,
902 2724 944 2783 ut
962 2735 1118 2806 campus,
1131 2722 1173 2783 ut
1185 2734 1310 2782 nemus

218 2831 362 2925 placuit.
415 2830 526 2903 Vicos
552 2831 682 2915 locant,
707 2831 839 2901 nonin
866 2840 1025 2901 nostrum
1051 2851 1198 2912 morem,
1228 2852 1310 2898 con-

218 2949 320 3020 nexis
341 2957 379 3019 et
401 2948 657 3019 cohaerentibus
680 2947 857 3018 aedificiis:
880 2970 978 3018 suam
996 2946 1144 3039 quisque
1165 2947 1310 3015 domum

219 3067 332 3158 spatio
350 3065 558 3148 circumdat,
575 3066 650 3135 sive
673 3064 842 3135 adversus
865 3086 964 3135 casus
987 3064 1078 3155 iguis
1102 3063 1310 3144 remedium,

220 3182 294 3252 sive
334 3178 476 3251 inscitib
513 3180 722 3252 aedificandi.
791 3180 851 3250 Ne
885 3192 1136 3251 caementorum
1166 3180 1310 3272 quidem

220 3299 315 3391 apud
348 3297 428 3369 illos
461 3308 524 3370 aut
555 3299 757 3394 tegularum
788 3321 893 3381 usus3
934 3295 1085 3368 materii
1113 3297 1158 3367 ad
1192 3298 1312 3367 omnia

220 3424 373 3486 utuntur
401 3414 554 3498 informi,
583 3428 621 3487 et
644 3417 734 3486 citra
759 3414 911 3507 speciem
938 3425 1001 3484 aut
1026 3414 1310 3485 delectationem.

220 3533 392 3618 Quaedam
422 3532 499 3603 loca
528 3532 736 3626 diligentiis
766 3531 912 3602 illinunt
942 3528 1038 3602 terrei
1068 3533 1120 3601 ita
1154 3529 1242 3623 puris
1270 3554 1312 3601 ac

220 3650 441 3744 splendente,
471 3657 514 3719 ut
540 3649 715 3742 picturam
744 3672 785 3719 ac
814 3648 1030 3719 lineamenta
1053 3648 1211 3719 colorum
1232 3647 1312 3717 imi-

221 3775 328 3837 tetur.
381 3764 511 3836 Solent
537 3776 575 3836 et
602 3765 849 3835 subterraneos
866 3786 993 3855 specus
1011 3766 1157 3857 aperire,
1181 3786 1311 3856 eosque

220 3881 335 3952 multo
365 3883 509 3973 insuper
534 3882 619 3952 fimo
649 3888 807 3964 onerant,
838 3880 1029 3974 suffugium
1055 3881 1164 3951 hiemi
1193 3890 1231 3951 et
1259 3905 1313 3951 re-

221 3998 447 4091 ceptaculum
465 3999 645 4093 frugibus:
673 3999 755 4090 quia
780 3999 931 4091 rigorem
950 3997 1120 4090 frigorum
1139 3998 1310 4092 ejusmodi

222 4115 310 4186 locis
339 4114 527 4186 molliunt:
561 4126 599 4185 et
629 4115 657 4185 si
691 4115 832 4207 quando
864 4114 975 4185 hostis
1007 4115 1161 4195 advenit,
1191 4124 1314 4206 aperta

222 4230 435 4343 populatur:
469 4232 591 4303 abdita
616 4243 736 4303 cutem
764 4240 802 4302 et
830 4231 977 4311 defossa,
1007 4240 1069 4302 aut
1097 4233 1313 4324 ignorantur,

222 4363 284 4421 aut
302 4373 346 4420 eo
364 4348 440 4442 ipso
458 4348 598 4432 fallunt,
617 4346 712 4440 qubd
731 4349 917 4441 quaerenda
934 4358 1027 4418 sunt.

1144 4484 1166 4532 F
