3232 5100
634 427 910 485 ονιιυοουουι.
1270 422 1317 489 vii

226 585 251 648 ‘l
261 586 454 674 γκρίωνες
468 581 595 671 μεταξύ
607 609 644 651 τε
654 584 767 665 Ῥήνου
781 582 837 648 καὶ
847 585 912 649 τῶν
920 581 1117 652 Ἀἕνοῦαίων
1130 585 1246 675 ὀρέων·
1261 590 1317 655 καὶ

227 689 276 756 ἔτι
291 690 527 779 Ἰντοῦεριγοι
542 687 599 755 καὶ
614 686 860 774 Οῦαρχίωνες
875 685 931 751 καὶ
946 689 1143 774 Καριτνοό.

272 802 321 861 10.
342 793 412 881 Ὑφ’
437 794 493 864 οῦς
516 789 694 858 Οῦισποὶ
729 788 786 855 καὶ
812 790 833 871 ή
860 792 925 857 τῶν
957 788 1156 872 Ἐλουητίων
1192 792 1312 879 ἔρημος

224 896 327 986 μέχρι
341 901 406 964 τῶν
421 895 597 985 εἰρημένων
610 892 748 960 Ἀλπίων
766 892 876 979 ὀρέων.

271 1008 320 1066 11.
348 1001 415 1083 Τήν
447 999 482 1065 δὲ
514 1001 758 1086 παρωκεανῖτιν
787 995 988 1084 κατέχουσιν
1016 997 1099 1083 ὑπὲρ
1137 999 1199 1082 μὲν
1237 999 1313 1072 τοῦς

223 1102 469 1190 Βουσακτέρους
502 1101 535 1167 αι’
565 1100 722 1189 Φρίσσιοι
743 1098 845 1188 μέχρι
873 1104 933 1166 τοῦ
964 1097 1120 1182 Ἀμασίου
1148 1108 1310 1187 ποταμοῦ·

223 1209 307 1289 μετὰ
331 1206 366 1272 δὲ
395 1205 531 1276 τούτους
552 1208 680 1293 Καῦχοι
704 1201 737 1268 οἱ
757 1202 871 1288 μικροὶ
892 1203 994 1291 μέχρι
1018 1207 1077 1271 τοῦ
1090 1204 1311 1293 Οῦισοῦρνγιος

225 1314 390 1393 ποταμοῦ·
407 1307 479 1375 εἶτα
500 1312 628 1397 Καῦχοι
653 1305 686 1372 οἱ
705 1305 834 1389 μείζους
852 1305 955 1393 μέχρι
973 1310 1032 1372 τοῦ
1060 1304 1186 1379 Ἄλόιος
1208 1335 1310 1375 ποτα-

222 1416 301 1495 μοῦ·
326 1413 444 1498 ἐφεξῆς
468 1410 503 1476 δὲ
528 1411 584 1477 ἐπὶ
607 1410 663 1476 τὸν
685 1407 809 1498 αὐχένα
831 1413 889 1491 τῆς
907 1405 1084 1497 Κιμῦρικῆς
1097 1412 1311 1498 Χερσονήσου

224 1514 373 1598 Σόξονες·
396 1515 498 1595 αὐτὴν
520 1512 556 1579 δὲ
577 1513 636 1595 τήν
654 1511 865 1600 Χερσόνησον
886 1512 969 1598 ὑπὲρ
990 1512 1051 1595 μὲν
1071 1510 1146 1585 τοὺς
1165 1514 1312 1598 Σόξονας

224 1619 477 1700 Σιγοῦλωνες
499 1615 567 1682 ἀπὸ
592 1617 732 1700 δυσμῶν,
755 1613 826 1681 εἶτα
852 1613 1130 1698 Σαῦαλίψγιοι,
1155 1614 1226 1683 εἶτα
1245 1624 1310 1683 Κο-

225 1719 368 1788 ῦανδοό

271 1831 321 1889 12.
343 1822 445 1909 ’Ὑπὲρ
468 1822 523 1894 οῦς
547 1823 685 1897 Χόλοι,
711 1821 768 1887 καὶ
791 1821 840 1887 ἔτι
873 1821 954 1908 ὑπὲρ
980 1821 1115 1893 τούτους
1145 1821 1310 1906 δυσμικῶ-

223 1951 313 2014 τεροι
333 1926 393 2009 μὲν
408 1924 663 2003 Φουνδοῦσοι,
684 1923 961 2011 ἀνατολικῶτεροι
981 1924 1016 1990 δὲ
1036 1925 1211 2012 Χαροῦδες,
1230 1926 1311 1994 πόν-

223 2055 289 2096 των
304 2028 339 2095 δὲ
353 2028 589 2115 ἁρκτικῶτεροι
605 2025 751 2113 Κίμῦροι.

269 2140 317 2198 13.
341 2133 435 2197 Μετὰ
460 2131 494 2196 δὲ
526 2130 601 2202 τοῦς
624 2130 769 2213 Σάξονας
791 2129 937 2197 ἀπὸτοῦ
959 2132 1137 2199 Χαλοῦσου
1159 2135 1311 2218 ποταμοῦ

222 2233 325 2324 μέχρι
340 2239 399 2302 τοῦ
413 2233 558 2316 Σουήῦου
572 2238 726 2316 ποταμοῦ
741 2233 990 2322 Φαροδεινοό.

268 2346 316 2404 14.
339 2335 422 2403 Εἶτα
442 2337 581 2404 Σειδινοὶ
612 2337 714 2426 μέχρι
745 2341 803 2403 τοῦ
821 2334 952 2402 ’1αδοῦα
982 2343 1144 2421 ποταμοῦ,
1161 2338 1218 2404 καὶ
1238 2338 1309 2422 μετ’

224 2441 343 2513 αὐτοὺς
355 2440 572 2508 Ῥουτίκλειοι
592 2439 696 2529 μέχρι
710 2444 769 2507 τοῦ
783 2439 975 2507 Οῦιστοῦλα
994 2446 1156 2524 ποταμοῦ.

268 2552 317 2612 15.
342 2548 416 2611 Τῶν
449 2544 484 2610 δὲ
516 2545 606 2616 ἐντὸς
645 2543 701 2610 καὶ
728 2547 912 2627 μεσογείων
946 2543 1047 2611 ἐθνῶν
1074 2545 1220 2628 μόγιστα
1247 2546 1308 2627 μέν

223 2648 297 2714 ἐστι
321 2645 368 2722 τό,
390 2674 427 2713 τε
447 2651 512 2716 τῶν
535 2645 686 2730 Σουήῦων
714 2650 779 2713 τῶν
804 2644 987 2731 Ἀχιγειλῶν,
1018 2645 1055 2712 οἵ
1079 2646 1164 2714 εἰσιν
1192 2647 1307 2712 ἀνατο-

220 2750 395 2838 λικῶτεροι
410 2755 474 2817 τῶν
488 2749 729 2838 Λαγγοῦόρδων
743 2750 964 2822 ἀνατείνοντες
985 2750 1069 2839 πρὸς
1091 2751 1151 2822 τὰς
1169 2750 1310 2836 ἄρκτους

220 2853 322 2944 μέχρι
337 2858 402 2920 τῶν
421 2854 534 2939 μέσων
547 2859 607 2921 τοῦ
625 2851 750 2924 Ἄλῦιος
773 2857 926 2938 ποταμοῦ
947 2853 1003 2919 καὶ
1024 2854 1062 2919 τὸ
1080 2857 1145 2920 τῶν
1160 2852 1310 2935 Σουήῦων

222 2961 286 3024 τῶν
310 2953 486 3041 Σεμνόνων,
517 2956 634 3029 οἵτινες
664 2954 814 3037 διήκουσι
841 2957 927 3040 μετὰ
956 2957 1013 3023 τὸν
1026 2956 1134 3024 Ἄλόιν
1156 2955 1223 3022 ἀπὸ
1249 2956 1309 3024 τοῦ

223 3059 391 3147 εἰρημένου
404 3062 524 3149 με’ρους
538 3059 621 3146 πρὸς
635 3060 802 3131 ἀνατολὰς
814 3059 916 3149 μέχρι
930 3065 989 3126 τοῦ
997 3057 1141 3141 Σουήῦου
1155 3065 1309 3143 ποταμοῦ

222 3162 279 3228 καὶ
293 3162 330 3229 τὸ
345 3166 411 3229 τῶν
424 3164 634 3248 Βουγοῦντων
651 3163 693 3229 τό
710 3164 827 3249 ἐφεξῆς
842 3163 899 3229 καὶ
914 3162 1017 3253 μέχρι
1035 3167 1095 3230 τοῦ
1116 3161 1308 3230 Οῦιστοῦλα

223 3267 439 3353 κατεχόντων.

267 3371 316 3434 16.
338 3365 530 3435 Ἐλάσσονα
564 3368 600 3436 δὲ
629 3369 705 3450 ἔθνη
742 3368 798 3434 καὶ
826 3366 952 3453 μεταξὺ
981 3373 1308 3459 κεῖνται-Χανχῶν

141 3512 149 3521 1
219 3470 280 3555 μὲν
304 3473 370 3537 τῶν
389 3475 515 3558 μικρῶν
537 3472 593 3538 καὶ
614 3476 678 3539 τῶν
700 3470 850 3553 Σουήῦων
877 3475 1099 3561 Βουσόκτεροι
1119 3472 1153 3539 οἱ
1178 3473 1307 3558 μείζους

222 3573 276 3661 ὑφ’
292 3575 347 3645 οῦς
360 3579 497 3657 Χαῖμαι·
514 3579 654 3665 Καυχῶν
677 3575 713 3643 δὲ
735 3579 800 3643 τῶν
822 3576 977 3659 μειζόνων
998 3576 1054 3643 καὶ
1073 3582 1138 3643 τῶν
1158 3575 1308 3659 Σουήῦων

221 3676 465 3765 Ἀγγριουάριοι·

267 3789 316 3853 17.
340 3779 423 3847 Εἶτα
451 3779 690 3868 Λαιγγοῶόρδοι·
728 3780 783 3867 ὑφ’
813 3783 869 3854 οῦς
894 3782 1145 3866 Δουλγοῦμνιοι·
1205 3783 1307 3867 Σαξό-

222 3910 284 3952 νων
310 3885 422 3952 δὲκαὶ
447 3887 512 3952 τῶν
537 3880 687 3963 Σουήῦων
702 3885 1018 3972 Τευτονοάρ(ι)οι
1043 3885 1099 3951 καὶ
1124 3886 1306 3974 Οῦιροῦνοι,

222 3987 427 4073 Φαροδεινῶν
442 3987 476 4053 δὲ
492 3988 547 4053 καὶ
565 3984 715 4069 Σουήῦων
727 3987 849 4053 Τεῦτο
863 4014 923 4059 νες
938 3988 994 4054 καὶ
1004 3989 1163 4077 Αῦαρποι·
1186 3987 1308 4056 Ῥουτι-

222 4089 344 4157 κλείων
360 4090 395 4156 δὲ
410 4092 466 4157 καὶ
481 4093 688 4175 Βουγούντων
702 4090 929 4162 Αἶλουαίωνες.

268 4200 319 4260 18.
342 4195 452 4260 Πόλιν
475 4194 538 4260 ῦπό
553 4195 614 4278 μὲν
636 4194 712 4267 τοῦς
727 4193 889 4278 Σὲμνονας
912 4193 1041 4260 οἰκοῦσι
1055 4194 1223 4279 Σιλόγχαι,
1244 4195 1308 4261 ὑπὸ

226 4297 262 4363 δὲ
277 4294 354 4368 τοῦς
365 4302 567 4381 Βουγοῦντας
586 4298 749 4383 Λοῦγ(ι)οι
775 4297 809 4365 οἱ
826 4296 990 4381 Ὀμαννοὶ,
1006 4296 1060 4384 ὑφ’
1077 4299 1131 4370 οῦς
1145 4299 1310 4381 Ammona

225 4395 259 4463 οἱ
273 4400 397 4464 Δοῦνοι
411 4396 513 4486 μέχρι
528 4401 586 4464 τοῦ
599 4395 842 4486 Ἄσκιῦουργίου
856 4397 959 4482 όρους.
