3232 5100
302 410 363 479 viii
570 424 646 479 nnn
670 421 851 477 onnnnnn
876 421 925 477 on
948 421 1114 479 nncnns.

349 585 397 648 19.
420 575 501 643 ’Ὑπὸ
526 575 562 642 δὲ
585 577 661 648 τοὺς
686 576 845 660 Σιλῦγνγος
866 575 1078 647 Κολούκωνες
1103 573 1155 661 ἐφ’
1172 575 1311 661 ἑκάτερα
1336 576 1400 641 τοῦ

301 680 427 752 Ἄλθιος
452 680 615 763 ποταμοῦ,
642 677 696 765 ὑφ’
723 680 778 751 οὓς
803 677 1007 767 Χανρουσκοὶ
1035 677 1090 745 καὶ
1119 677 1271 762 Χαμαυοὶ
1291 678 1398 767 μέχρι

305 789 365 850 τοῦ
379 782 572 864 Μηλιὸόκου
586 784 690 871 ὅρους.

347 895 399 953 20.
417 884 482 952 Ὧν
506 886 590 973 πρὸς
611 885 776 957 ἀνατολὰς
793 884 870 974 περὶ
897 885 954 952 τὸν
974 884 1082 952 Ἄλὸιν
1107 885 1259 969 ποταμὸν
1277 893 1393 952 Bocco-

305 993 439 1079 χαῖμοι,
462 989 544 1078 ὑπὲρ
575 990 630 1061 οὓς
656 987 813 1064 Βατεινοὶ,
838 987 895 1053 καὶ
927 989 976 1054 ἔτι
1007 987 1089 1074 ὑπὲρ
1112 988 1247 1060 τούτους
1269 987 1334 1054 ὑπὸ
1356 991 1397 1055 τὸ

303 1091 543 1181 Ἀσκιὸούμγιον
556 1092 632 1181 ὅρος
647 1092 823 1180 Κορκοντοὶ
836 1089 892 1156 καὶ
915 1089 1077 1177 Λουγ(ι)οι
1099 1089 1133 1156 οἱ
1152 1095 1269 1177 Βοῦροι
1291 1090 1397 1181 μέχρι

304 1200 362 1279 τῆς
377 1201 525 1282 κεφαλῆς
539 1196 598 1262 τοῦ
617 1194 810 1262 Οὐνστούλα
825 1199 986 1277 ποταμοῦ.

349 1309 400 1367 21.
429 1300 512 1368 Ὑπὸ
531 1299 566 1365 δὲ
587 1298 724 1370 τούτους
748 1301 876 1386 πρῶτον
900 1296 1047 1379 Σίδωνες,
1072 1295 1144 1364 εἶτα
1168 1301 1305 1381 Κῶγνοι,
1322 1296 1396 1365 εἶτα

305 1403 543 1492 Οὐισὸούρνγιοι
557 1403 640 1489 ὑπὲρ
656 1402 712 1468 τὸν
724 1400 895 1489 Ὀρκύνιον
914 1399 1043 1489 δρυμόν.

349 1515 400 1572 22.
428 1508 538 1572 Πάλιν
558 1504 616 1572 ἀπ’
631 1506 802 1572 ἀνατολῶν
824 1503 885 1587 μὲν
899 1507 964 1570 τῶν
981 1501 1170 1572 torneator
1184 1504 1268 1593 ὀρῶν
1285 1505 1393 1572 οἰκοῦ-

307 1637 363 1676 σιν
395 1610 477 1698 ὑπὲρ
503 1609 578 1680 τοὺς
608 1605 769 1689 Σουήθους
791 1608 991 1693 Καοουάροι,
1025 1605 1097 1673 εἶτα
1126 1608 1395 1697 Νεμτερέανες

307 1711 379 1779 εἶτα
394 1711 625 1786 Δανδοῦτοι,
649 1708 703 1796 ὑφ’
716 1710 771 1781 οὓς
784 1710 981 1795 Τούρωνοι
996 1711 1053 1777 καὶ
1070 1711 1286 1800 Μαρουῦγγοι.

349 1823 401 1881 23.
423 1814 505 1881 ’Ὑπὸ
531 1813 566 1879 δὲ
586 1812 661 1885 τοὺς
683 1809 859 1895 Χαμαυοὺς
884 1813 1023 1889 Χάτται,
1044 1813 1100 1879 καὶ
1124 1813 1312 1890 Τούὸαντοι,
1335 1814 1393 1881 καὶ

309 1918 392 2005 ὑπὲρ
416 1922 457 1984 τὰ
482 1915 631 1998 Σούδητα
652 1916 712 2003 ὄρη
731 1921 981 2005 Τευριοχαῖμαι,
1005 1916 1129 1983 ὑπὸδὲ
1156 1918 1199 1985 τὰ
1222 1918 1282 2007 ὅρη
1307 1919 1393 1986 Οὐα-

305 2021 428 2111 ριοτοί.

350 2133 401 2191 24.
424 2121 506 2190 Εἶτα
528 2120 741 2210 precepta
763 2124 837 2202 ὕλη,
867 2122 924 2188 καὶ
953 2121 1018 2188 ὑπὸ
1039 2121 1101 2205 μὲν
1122 2121 1197 2194 τοὺς
1224 2125 1389 2211 Μαμουίνγ·

306 2255 384 2312 νγους
400 2226 633 2316 Κουρίωνος,
655 2223 727 2292 εἶτα
745 2227 962 2311 Χαιτούωροι,
984 2225 1040 2291 καὶ
1058 2224 1160 2314 μέχρι
1181 2231 1241 2294 τοῦ
1267 2236 1390 2296 Δονου-

307 2329 378 2398 Βίου
392 2330 543 2413 ποταμοῦ
558 2328 591 2394 οἱ
604 2329 935 2418 Παρμαικάμποι.

349 2443 401 2503 25.
423 2432 506 2500 ’Ὑπὸ
528 2432 563 2499 δὲ
593 2433 653 2514 τὴν
683 2428 877 2519 Γαμὸρήταν
899 2431 983 2511 ὕλην
1008 2433 1233 2518 Μαρκομανοὶ,
1256 2433 1311 2520 ὑφ’
1335 2436 1392 2508 οὓς

307 2536 471 2620 Σουδηνοὶ,
501 2535 558 2603 καὶ
590 2534 693 2624 μέχρι
726 2537 786 2601 τοῦ
815 2532 994 2601 Δανουὸίου
1029 2540 1182 2619 ποταμοῦ
1208 2535 1243 2602 οἱ
1271 2535 1390 2626 Ἀδρα-

307 2640 537 2725 ἔοικάμποι.

350 2750 402 2813 26.
422 2744 505 2812 ’Ὑπὸ
529 2743 565 2808 δὲ
587 2740 644 2808 τὸν
670 2740 841 2827 Ὀρκύνιον
862 2739 983 2829 δρυμὸν
1011 2740 1162 2818 Κουάδοι,
1185 2741 1240 2830 ὑφ’
1261 2745 1316 2817 οὓς
1348 2746 1392 2812 τὰ

308 2848 551 2938 σιδηρωρυχεῖα
567 2843 623 2910 καὶ
638 2844 658 2925 ἡ
672 2848 778 2911 Λοῦνα
793 2844 867 2924 ὕλη,
883 2841 938 2929 ὑφ’
952 2843 993 2927 ἦν
1005 2842 1092 2927 μέγα
1107 2844 1200 2917 ἔθνος
1217 2844 1250 2912 οἱ
1271 2852 1390 2932 Βαῖμοι

306 2953 408 3042 μέχρι
422 2950 481 3017 τοῦ
496 2945 684 3027 Δονουὸίου,
710 2946 766 3012 καὶ
788 2950 939 3035 συνεχεῖς
953 2947 1065 3018 αὐτοῖς
1079 2946 1157 3036 περὶ
1171 2950 1228 3017 τὸν
1241 2953 1393 3035 ποταμὸν

309 3055 342 3122 οἱ
353 3051 626 3140 Τερακατρίαι
641 3049 698 3116 καὶ
716 3048 750 3115 οἱ
761 3049 845 3137 πρὸς
859 3053 928 3120 τοῖς
943 3050 1094 3133 Κάμποις
1107 3049 1304 3120 Ῥακάται.

398 3316 415 3399 §
437 3336 467 3379 V.
490 3333 642 3376 BXTRAOE'S
663 3333 745 3375 mou
766 3332 940 3376 contemnes
961 3335 1004 3375 DE
1025 3335 1129 3376 ΜΒΝ
1152 3337 1290 3383 etnicis.

352 3482 375 3548 J
377 3483 537 3559 emendes,
551 3506 590 3548 an
602 3483 799 3548 Oeno-Goth
813 3481 856 3570 by
873 3484 968 3561 birth,
984 3507 1048 3549 wes
1064 3485 1180 3572 Bishop
1196 3488 1233 3550 of
1242 3488 1393 3555 Rovenna

310 3584 405 3650 about
433 3608 493 3648 nn.
508 3587 581 3649 530.
632 3582 703 3647 The
726 3582 883 3669 following
908 3592 1046 3649 extracto
1072 3608 1125 3650 are
1151 3586 1254 3672 given,
1274 3589 1322 3654 for
1337 3590 1392 3656 the

311 3685 386 3752 sake
408 3684 445 3749 of
470 3684 609 3769 showing
637 3683 690 3749 the
719 3682 799 3747 form
825 3684 926 3748 which
953 3707 973 3749 ο
1002 3684 1138 3751 mixture
1164 3687 1201 3751 of
1232 3689 1392 3769 tradition,

312 3785 511 3872 speculation‚
529 3783 591 3849 ond
609 3783 851 3869 heterogeneous
865 3792 1014 3851 accounts
1027 3785 1064 3850 of
1079 3786 1170 3851 other
1185 3789 1392 3874 populations,

312 3885 389 3951 took
415 3885 446 3949 in
474 3884 527 3949 the
554 3883 654 3949 hendo
680 3883 717 3947 of
732 3904 790 3947 ono
820 3883 858 3948 cf
881 3884 935 3948 the
961 3880 1028 3950 first
1053 3885 1158 3951 notive
1190 3886 1293 3955 Goths
1322 3891 1393 3956 who

311 3985 462 4051 nttended
476 3992 510 4049 to
526 3984 580 4050 the
594 3983 773 4068 antiqnities
788 3982 825 4047 of
841 3983 889 4048 his
902 3984 1019 4050 notion.

355 4085 485 4171 Hoving
507 4084 660 4171 promised
685 4083 711 4148 it
738 4105 803 4148 was
825 4083 904 4148 from
931 4084 985 4149 the
1014 4084 1119 4151 bosom
1150 4086 1187 4151 of
1203 4112 1223 4153 c
1246 4091 1393 4156 northern

311 4186 412 4253 island
443 4184 557 4250 named
589 4184 728 4261 Sconzia,
759 4182 830 4248 that
857 4184 905 4248 his
933 4193 1137 4271 countrymen
1164 4210 1260 4265 came,
1291 4190 1354 4255 like
1375 4214 1396 4255 a

311 4309 423 4353 swnrm
440 4285 477 4350 of
488 4285 569 4361 bees,
584 4285 650 4349 into
669 4283 803 4368 Europe,
819 4284 881 4348 ond
895 4284 977 4349 ester
992 4308 1012 4351 a
1026 4286 1179 4353 reference
1196 4296 1230 4354 to
1249 4289 1395 4378 Ptolemy

312 4388 352 4454 he
366 4386 569 4453 continues-
