3246 5078
249 408 347 476 cxxii
522 421 599 475 THE
624 419 805 476 οοιιυιυν
833 420 881 476 ου
905 420 1072 476 nemos.

254 575 338 652 νικά,
362 576 553 661 Χηροῦσκοί
570 601 607 640 τε
629 575 685 641 καί
699 576 835 651 Χάττοι,
846 574 913 658 Ικαί
927 574 1172 662 Γαμοέριοῦῑοι,
1188 572 1245 638 καὶ
1259 579 1344 638 Χατ-

251 680 419 768 τουάριοι·
435 678 518 765 πρὸς
534 677 570 744 δὲ
589 687 636 766 τῷ
648 676 796 767 Ὠκεανῷ
809 678 1020 764 Σοῦγαμέροί
1037 705 1084 754 τε,
1106 676 1163 743 καὶ
1182 676 1293 742 Χαῦὲ
1296 701 1313 741 ο
1321 702 1344 750 ι,

250 783 306 849 καὶ
321 783 527 871 Βροόκτεροι,
543 780 601 847 καί
615 782 765 870 Κίμάροι,
790 781 917 847 Καῦκοί
931 807 967 847 τε
982 781 1039 846 καὶ
1056 784 1265 854 Καοῦλκοι,
1289 776 1347 843 καί

249 885 497 974 Καμψιανοῖ,
513 884 569 950 καὶ
584 883 687 951 ἄλλοι
702 884 849 956 πλείους.
886 883 964 950 Ἐπὶ
979 888 1085 951 ταῦτα
1100 883 1136 948 δέ
1150 887 1197 970 τῷ
1208 880 1345 970 Ἀμασίᾳ

251 989 419 1078 φέρονται,
453 987 629 1075 Βίσουργίς
658 1013 705 1063 τε,
743 987 800 1053 καί
837 986 986 1059 Λουπίας
1023 986 1184 1070 ποταμὸς,
1225 984 1347 1072 διέχων

247 1091 361 1174 Ῥήνου
375 1091 453 1181 περὶ
475 1090 669 1174 ἑξακοσίους
691 1089 858 1166 σταδίους,
872 1090 958 1178 ῥέων
972 1089 1027 1156 διά
1049 1088 1258 1178 Βρουκτέρων
1280 1090 1347 1152 τῶν

249 1191 445 1261 ἐλαττόνων.
492 1193 593 1259 Ἔστι
614 1192 650 1258 δέ
675 1192 731 1259 καὶ
755 1193 867 1266 Σάλας
891 1192 1051 1275 ποταμὸς,
1075 1192 1114 1258 οῦ
1138 1192 1265 1276 μεταξὺ
1288 1189 1344 1255 καὶ

247 1304 307 1366 τοῦ
319 1298 432 1381 Ῥήνου
454 1302 621 1382 πολεμῶν,
649 1300 706 1364 καὶ
729 1299 901 1389 κατορθῶν
921 1304 1072 1385 Δροῦσος
1096 1295 1343 1379 έτελεότησενό

246 1401 455 1487 Γερμανικός.
484 1400 711 1490 Ἐχειρώσατο
728 1401 754 1468 δ’
771 1404 810 1470 οὐ
824 1404 924 1486 μόνον
938 1407 1004 1470 τῶν
1019 1404 1120 1469 ἐθνῶν
1130 1403 1172 1468 τὰ
1183 1406 1344 1475 πλεῖστα,

245 1505 339 1570 ἀλλὰ
353 1504 480 1576 καὶτὰς
496 1506 529 1572 ἐν
544 1512 590 1594 τῷ
603 1508 775 1595 παράπλῳ
789 1508 919 1590 νήσους,
936 1506 980 1573 ὧν
997 1505 1070 1573 ἐστὶ
1086 1507 1143 1573 καὶ
1158 1507 1178 1588 ή
1193 1514 1343 1595 Βουρχω

246 1608 304 1687 νίς,
320 1609 361 1692 ἣν
374 1606 412 1674 ἐκ
426 1611 625 1696 πολιορκίας
641 1608 723 1676 εῖλε.

287 1712 439 1799 Γνώριμα
465 1712 501 1777 δὲ
526 1717 633 1779 ταῦτα
659 1711 806 1793 κατέστη
831 1714 874 1779 τὰ
900 1711 987 1793 έθνη,
1017 1715 1230 1795 πολεμοῦντα
1258 1710 1341 1798 πρὸς

244 1814 436 1899 Ῥωμαίους,
468 1812 526 1881 εἶτ’
552 1813 730 1896 ἐνδιδόντα,
760 1815 817 1880 καὶ
845 1817 952 1882 πάλιν
980 1815 1204 1902 ἀφιστάμενα,
1232 1814 1254 1898 ἢ
1284 1813 1341 1880 καί

244 1917 492 1985 καταλείποντα
503 1916 563 1989 τὰς
575 1918 746 1989 κατοικίας
758 1944 766 1961 ·
783 1918 846 2007 κᾷν
854 1919 962 1985 πλείω
979 1918 1015 1984 δέ
1025 1918 1174 2005 γνώριμα
1186 1919 1340 2007 ὑπῆρξεν,

245 2021 276 2087 εί
285 2020 447 2110 ἐπέτρεπε
462 2025 531 2092 τοῖς
540 2025 742 2108 στρατηγοῖς
753 2021 771 2087 ό
783 2021 959 2097 Σεὲαστὸς,
968 2020 1146 2089 διαθαινειν
1160 2020 1339 2100 τὸνἌλθιν,

244 2124 399 2210 μετιοῦσι
414 2125 490 2195 τοὺς
505 2125 616 2189 ἐκεῖσε
631 2124 924 2209 ἐπανισταμένους.
969 2126 1050 2191 Νυνὶ
1066 2123 1092 2191 δ’
1117 2125 1341 2214 εὐπορώτερον

244 2228 398 2307 ὑπέλαβε
422 2231 622 2315 στρατηγεῖν
636 2225 694 2293 τόν
716 2228 750 2294 ἐν
772 2228 874 2317 χερσὶ
888 2228 1047 2313 πόλεμον,
1065 2228 1095 2294 εἰ
1119 2232 1184 2294 τῶν
1201 2228 1265 2311 ἔξω
1280 2231 1340 2294 τοῦ

239 2329 373 2410 Ἄλβιος
383 2328 456 2396 καθ’
469 2330 615 2419 ἡσυχίαν
625 2330 728 2397 όντων
743 2330 918 2419 ἀπέχοιτο,
931 2332 988 2397 καὶ
997 2332 1044 2413 μή
1059 2331 1240 2418 παροξῦνοι
1255 2330 1339 2415 πρὸς

244 2435 304 2517 τήν
319 2434 491 2501 κοινωνίαν
505 2438 563 2516 τῆς
579 2432 714 2522 ἐχθραςι
754 2433 921 2521 Ἤρξαντο
946 2434 981 2500 δὲ
1004 2439 1065 2501 τοῦ
1085 2433 1236 2518 πολέμου
1258 2434 1337 2499 Σού-

243 2540 394 2626 γαμβροι
423 2536 574 2618 πλησίον
600 2536 766 2609 οἰκοῦντες
791 2541 852 2604 τοῦ
879 2535 1002 2619 Ῥήνου,
1033 2537 1177 2604 Μέλωνα
1206 2536 1339 2625 ἔχοντες

242 2641 406 2726 ἡγεμόνα·
429 2638 583 2729 κᾴκεῖδεν
596 2639 659 2721 ήδη
674 2639 801 2728 διεῑχον
824 2639 942 2707 ἄλλοτ’
958 2640 1070 2716 ἄλλοι,
1087 2640 1339 2712 δυναστεύοντες

243 2746 300 2811 καὶ
321 2744 574 2827 καταλυόμενοι,
601 2744 708 2808 πόλιν
734 2740 761 2809 δ’
786 2744 1020 2829 ἀφιστάμενοι,
1045 2744 1257 2832 προδιδόντες
1281 2743 1338 2810 καὶ

242 2849 286 2914 τὰ
306 2849 415 2936 ὅμηρα
433 2845 490 2911 καὶ
515 2845 575 2915 τάς
589 2844 731 2916 πίστεις.
777 2846 866 2932 Πρὸς
887 2848 943 2918 οῦς
965 2847 1061 2930 ήμέν
1082 2848 1236 2929 ἀπιστία,
1251 2846 1339 2932 μέγα

242 2951 384 3035 ὄφελος·
422 2947 456 3013 οἱ
493 2947 528 3013 δὲ
564 2948 808 3024 πιστευθέντες,
850 2949 892 3014 τά
925 2950 1071 3033 μέγιστα
1107 2947 1337 3035 κατέῦλαψαν,

242 3051 394 3139 καθάπερ
410 3049 443 3115 οἱ
456 3054 654 3136 Χηροῦσκοι,
679 3051 735 3116 καὶ
755 3049 789 3117 οἱ
807 3050 932 3117 τούτων
953 3053 1103 3134 ὑπήκοοι·
1125 3051 1206 3138 παρ’
1221 3052 1271 3124 οῖς
1296 3053 1338 3118 τά

242 3156 320 3243 τρία
334 3156 490 3237 τάγματα
503 3152 672 3237 Ῥωμαίων
685 3156 771 3236 μετὰ
791 3154 850 3219 τοῦ
866 3161 1056 3242 στρατηγοῦ
1075 3157 1208 3243 Οῦάρου
1227 3163 1336 3222 Κουῖν-

242 3256 352 3323 τιλίου
374 3255 705 3345 παρασπονδηθέντα,
722 3257 878 3323 ἀπώλετο
903 3259 940 3342 ἐξ
966 3258 1107 3348 ἐνέδρας.
1146 3259 1287 3326 Ἔτισαν
1302 3258 1338 3325 δέ

242 3356 335 3428 δίκας
372 3357 526 3434 ἅπαντες,
566 3359 623 3425 καὶ
673 3360 849 3450 παρέσχον
888 3366 935 3449 τῷ
971 3364 1118 3451 νεωτέρῳ
1147 3366 1338 3450 Γερμανικῷ

241 3458 480 3546 λαμπρότατον
492 3460 664 3545 θρίαμθον,
682 3461 759 3550 ἐνςῦ
782 3462 1000 3588 ἐθριαμθεύθη
1025 3469 1091 3532 τῶν
1113 3467 1336 3552 ἐπιφανεστάι

243 3588 308 3628 των
322 3561 509 3651 ἀνδρῶν
464 3590 606 3648 σωματα
622 3564 678 3631 καὶ
693 3571 865 3649 γυναικῶν,
882 3570 1098 3652 Σεμυγοῦντός
1113 3596 1150 3635 τε
1171 3568 1336 3653 Σεγέστου

242 3663 320 3745 υἱὸς,
341 3664 588 3754 Χηροόσκων
570 3667 709 3751 ηγεμὼν,
741 3669 797 3735 καί
820 3669 951 3755 ἀδελφὴ
976 3673 1087 3747 αὐτοῦ,
1106 3674 1194 3756 γυνὴ
1220 3670 1246 3737 δ’
1273 3669 1336 3759 Ἀρ·

239 3768 363 3852 μενίου,
392 3772 453 3834 τοῦ
480 3771 805 3858 πολεμαρχήσαντος
835 3774 870 3839 ἐν
899 3778 968 3846 τοῖς
996 3775 1266 3861 Χηρούσκοιςν
1232 3774 1266 3839 ἐν
1294 3778 1336 3859 τῇ

240 3871 324 3959 πρὸς
338 3870 469 3998 Οὔαρον
483 3874 693 3940 Κουῖντίλιον
706 3874 994 3962 παρασπονδήσει,
1011 3878 1069 3943 καὶ
1090 3882 1146 3945 νῦν
1167 3874 1217 3944 έτι
1241 3879 1334 3945 συνέ-

239 4000 359 4062 χοντος
387 3975 444 4040 τὸν
472 3975 678 4058 πόλεμον,
659 4003 763 4060 ονομα
793 3980 998 4056 Θουσνέλδα,
1029 3981 1085 4048 καὶ
1110 3980 1179 4055 υίὸς
1204 3983 1335 4071 τριέτης

241 4079 466 4162 Θουμελικός·
489 4078 539 4145 ἔτι
560 4078 594 4145 δέ
617 4080 800 4154 Σεσίθακος
815 4086 1019 4170 Σαιγιμήρου
1039 4084 1106 4157 υἱὸς
1126 4090 1192 4153 τῶν
1211 4087 1333 4176 Χεροό·

241 4208 331 4248 σκων
348 4182 516 4265 ἡγεμόνος,
533 4182 590 4248 καὶ
604 4185 625 4265 ή
638 4184 720 4267 γυνή
731 4187 850 4251 τούτου
867 4184 989 4272 Ῥαμὶς,
1002 4188 1217 4279 Οῦκρομῦρου
1229 4191 1333 4275 θυγά·

242 4312 314 4374 τηρ,
331 4283 489 4368 ἡγεμόνος
512 4291 676 4363 Βαττῶν,
693 4288 750 4353 καὶ
762 4288 922 4378 Δευδόριξ
936 4292 1128 4377 Βαιτόριτος
1142 4299 1202 4361 τοῦ
1217 4294 1334 4360 Μέλω-

244 4415 297 4462 νος
308 4389 457 4477 ἀδελφοῦ
473 4389 541 4461 υίὸς
557 4388 775 4478 Σοῦγαμθρος.
820 4394 1004 4477 Σαιγέστης
1019 4394 1054 4461 δὲ
1069 4395 1086 4460 ὁ
1102 4396 1260 4483 πενθερὸς
1276 4404 1335 4466 τοῦ
