3246 5078
292 451 374 521 xciv
567 463 644 519 nnn
666 463 848 519 usaurur
871 463 919 519 or
943 464 1108 520 suerrus.

689 630 692 635 ’
720 633 818 674 TAOIT·
836 634 913 674 ANN.
932 634 952 673 l.

335 724 409 790 LV.
432 724 537 791 Dmso
570 725 702 805 Caesare,
739 724 776 792 G.
806 725 955 792 Norbano
990 726 1176 805 consulibus,
1211 725 1386 793 decernitur

290 826 476 892 Germanico
503 826 993 911 triumphusmanentebe1103
1027 827 1110 912 quod
1139 850 1327 912 quamquam
1353 829 1386 893 in

289 934 432 992 aestetem
460 949 583 992 summa
612 949 671 1012 ope
700 928 843 1013 parabat,
869 927 959 993 initio
988 928 1079 1005 veris,
1106 935 1139 993 et
1167 929 1328 1013 repentino
1353 928 1386 993 in

290 1028 402 1094 Oattos
427 1049 569 1106 excursu,
594 1027 760 1113 pracepit:
787 1049 860 1092 nam
881 1050 951 1113 spes
971 1028 1138 1094 incesserat
1153 1028 1385 1094 dissiderehos-

288 1136 354 1193 tem
377 1129 409 1192 in
424 1127 605 1194 Arminium
626 1150 664 1193 ac
690 1128 861 1213 Segestem,
886 1128 1038 1213 insignem
1062 1137 1229 1213 utrumque
1254 1127 1385 1214 perfidia

288 1228 322 1294 in
342 1250 409 1305 nos,
438 1235 495 1293 ant
517 1226 590 1292 fide.
644 1228 806 1293 Arminius
829 1228 974 1293 turbator
996 1228 1192 1293 Germaniae:
1227 1228 1382 1314 Segestes,

290 1334 311 1365 ‘⁶
323 1329 426 1415 parari
448 1327 647 1393 rebellionem
657 1329 676 1357 ''
697 1350 779 1413 saepe
800 1328 889 1405 alias,
910 1338 942 1394 et
968 1351 1112 1414 supremo
1137 1327 1289 1408 convivio,
1311 1338 1383 1414 post

288 1428 372 1514 quod
402 1429 435 1494 in
464 1451 552 1494 arms
581 1429 671 1507 itum,
699 1429 842 1515 aperuit:
868 1430 1025 1513 suasitque
1053 1427 1150 1506 Varo,
1180 1435 1248 1494 “ut
1277 1451 1320 1508 se,
1349 1437 1382 1495 et

288 1530 480 1605 Arminium,
518 1537 551 1594 et
587 1537 706 1594 ceteros
743 1551 884 1614 proceres
920 1529 1073 1595 vinciret:
1116 1529 1194 1594 nihil
1236 1551 1381 1595 ausuram

285 1630 420 1715 plebem,
448 1628 638 1715 principibus
673 1629 808 1702 emotis;
842 1638 937 1714 etque
974 1629 1032 1716 ipsi
1065 1637 1189 1715 tempus
1216 1629 1291 1708 fore,
1321 1653 1382 1714 qno

287 1730 426 1809 crimina,
457 1737 490 1795 et
521 1729 665 1795 innoxios
693 1728 900 1795 discerneret:
916 1730 935 1758 ''
967 1730 1023 1794 sed
1050 1729 1154 1794 Varus
1182 1729 1258 1809 feto,
1286 1737 1319 1795 et
1351 1731 1381 1795 ri

287 1830 424 1896 Arminii
452 1829 574 1895 cecidit.
640 1829 793 1916 Segestes,
820 1852 1009 1914 quamquam
1037 1852 1187 1895 censensu
1217 1829 1320 1915 gentis
1348 1830 1381 1896 in

285 1931 402 1996 bellum
423 1938 553 2007 tractus,
578 1929 694 1996 discors
715 1930 871 2009 manebat,
894 1930 996 1996 auctis
1020 1931 1167 2016 privatim
1189 1930 1280 2005 odiis,
1298 1930 1381 2015 quod

286 2030 451 2096 Arminius
477 2027 573 2096 filiam
601 2028 676 2117 ejus,
702 2030 756 2095 elii
779 2038 914 2115 pactam,
943 2039 1110 2116 rapueret3
1133 2053 1229 2117 gener
1254 2031 1381 2110 inrisus,

286 2130 404 2196 inimici
425 2131 543 2206 soceri;
570 2153 699 2216 quaque
720 2131 805 2217 apud
826 2130 995 2197 concordes
1017 2131 1142 2197 vincula
1163 2131 1313 2211 caritatis,
1335 2132 1381 2197 in-

286 2231 457 2297 citamenta
473 2233 590 2297 irarum
604 2231 688 2316 apud
705 2231 841 2297 infensos
855 2238 955 2297 erant.

330 2330 423 2397 LVI.
446 2332 550 2418 Igitur
571 2331 777 2397 Germanicus
801 2340 935 2417 quatuor
956 2331 1102 2418 legiones,
1127 2330 1261 2416 quinque
1287 2333 1378 2397 auxi-

285 2433 410 2499 liarium
440 2433 547 2512 millia,
579 2440 612 2498 et
641 2432 861 2498 tumultuarias
890 2441 1033 2497 catervas
1068 2431 1296 2496 Germanorum
1335 2433 1379 2498 eie

286 2531 434 2599 Rhenum
467 2532 645 2613 colentium,
677 2531 807 2598 Goecinae
836 2532 954 2599 tradit:
989 2531 1122 2597 totidem
1149 2530 1293 2617 legiones,
1321 2531 1381 2597 du-

284 2632 397 2720 plicem
411 2635 565 2700 sociorum
578 2656 743 2699 numemm
758 2633 823 2718 ipse
839 2632 946 2714 ducit3
968 2633 1130 2719 positoque
1145 2631 1274 2697 castello
1288 2656 1380 2719 snper

282 2734 416 2821 vestigia
429 2734 550 2821 petemi
563 2733 698 2820 praesidii
710 2735 743 2797 in
756 2741 862 2798 monte
877 2733 998 2809 Tauno,
1011 2733 1193 2818 expeditum
1208 2733 1379 2799 exercitum

282 2835 315 2900 in
333 2833 444 2901 Cattos
460 2834 565 2920 rapit;
592 2833 629 2897 L.
647 2832 789 2918 Apronio
804 2832 847 2897 ad
868 2834 1055 2900 munitiones
1076 2834 1198 2899 viarum
1220 2840 1252 2899 et
1277 2831 1380 2899 flumi-

283 2957 359 2999 num
384 2934 502 3002 relicto.
554 2932 648 3009 Nam,
673 2955 779 2998 rarum
808 2933 853 2998 illi
883 2934 967 3014 eoelo,
993 2934 1143 3013 siccitate,
1172 2941 1205 2998 et
1236 2935 1380 3001 amnibus

283 3033 415 3100 modicis
439 3033 623 3099 inoffensum
641 3033 701 3099 iter
714 3042 954 3119 properaverat;
979 3035 1152 3119 imbresque
1167 3043 1199 3100 et
1215 3032 1379 3099 fluminum

282 3141 395 3199 auctm
418 3133 605 3221 regredienti
628 3134 836 3199 metuebatur.
882 3134 945 3200 Sed
968 3134 1071 3201 cattis
1092 3135 1170 3200 adeo
1192 3134 1378 3221 improvisus

282 3232 423 3310 advenit,
437 3242 474 3300 ut
498 3234 584 3320 quod
607 3234 797 3299 imbecillum
821 3242 916 3300 aetate
939 3258 977 3302 ao
1000 3258 1087 3312 sexu,
1102 3235 1210 3300 statim
1237 3243 1376 3321 captum,

282 3341 340 3399 aut
362 3335 554 3401 trucidatum
579 3335 632 3402 sit.
675 3333 835 3401 Juventus
860 3333 976 3400 flumen
998 3335 1162 3399 Adranam
1186 3335 1291 3400 nando
1314 3344 1377 3402 tra·

283 3434 421 3514 miserat,
437 3435 655 3520 Romanosque
680 3444 807 3521 pontem
831 3443 1002 3521 coeptantes
1026 3435 1193 3500 arcebunt:
1219 3435 1291 3501 dein
1314 3444 1377 3503 tor-

282 3535 397 3601 mentis
421 3536 604 3621 sagittisque
628 3535 718 3621 pulsi‚
735 3536 867 3601 tentetis
891 3535 1008 3602 frustra
1030 3533 1257 3601 conditionibus
1281 3537 1376 3622 pacis,

282 3657 355 3699 oum
381 3636 507 3720 quidam
535 3636 577 3702 ad
609 3635 829 3701 Germanicum
859 3637 1075 3723 perfugissent,
1105 3635 1224 3720 reliqui,
1256 3637 1377 3702 omissis

283 3736 372 3822 pagis
388 3736 534 3821 vicisque,
549 3738 582 3801 in
599 3735 692 3803 silvas
708 3735 938 3822 disperguntur.
984 3736 1088 3802 Caesar
1109 3736 1233 3801 incenso
1257 3736 1376 3802 Mattio

285 3835 334 3919 (id
358 3837 445 3922 genti
469 3838 578 3922 caput)
608 3847 718 3923 aperta
742 3835 918 3922 populatus,
935 3837 1031 3903 vertit
1054 3835 1096 3900 ed
1122 3834 1287 3900 Rhenum:
1312 3858 1375 3901 non

282 3958 358 4001 auso
374 3938 465 4003 hoste
478 3944 568 4024 terge
581 3935 763 4002 abeuntium
778 3938 939 4015 lacessere,
956 3937 1040 4023 quod
1054 3935 1099 4001 illi
1113 3934 1217 4013 moris,
1233 3935 1376 4020 quotiens

280 4043 353 4101 estu
379 4038 488 4124 magis,
516 4060 608 4122 quem
637 4060 693 4123 per
717 4036 912 4102 formidinem
942 4038 1044 4104 cessit.
1100 4035 1219 4101 Fuerat
1252 4035 1375 4102 animus

282 4134 445 4204 cheruscis
452 4137 565 4225 juvare
580 4136 700 4215 Oattos,
716 4136 771 4201 sed
786 4139 938 4203 exterruit
952 4136 1076 4206 Caecina
1096 4137 1158 4201 huc
1180 4136 1253 4201 illuc
1275 4137 1375 4203 ferens

280 4258 390 4313 arma;
415 4247 447 4304 et
463 4238 588 4304 Marsos
604 4236 751 4324 congredi
767 4259 869 4315 ausos,
885 4260 1031 4325 prospero
1046 4236 1153 4323 proelio
1167 4236 1318 4303 cohibuit.

326 4336 437 4402 LVII.
462 4337 571 4423 Neque
587 4336 689 4403 multo
707 4344 780 4422 post
794 4337 891 4424 legati
912 4362 933 4404 s
954 4339 1083 4425 Segeste
1106 4346 1270 4418 venerunt,
1286 4337 1374 4403 auxi-

280 4437 357 4504 lium
384 4447 509 4506 orantes
532 4439 680 4505 adversus
705 4437 770 4505 rim
795 4439 1001 4525 popularium,
1029 4461 1049 4504 a
1073 4437 1143 4522 quis
1169 4438 1375 4505 circumsede-
