3246 5078
320 455 447 525 lxxxiv
597 464 674 521 run
696 463 878 519 aurnuns
901 463 949 519 or
973 464 1139 522 monus.

365 624 466 690 XIV.
490 622 626 690 Dmides
653 645 675 687 a
702 621 784 687 bollo
808 622 914 687 abesse
943 629 1140 702 consuerunt,
1163 647 1262 710 neque
1288 624 1409 691 tributa

322 748 479 792 unacum
508 724 634 809 reliquis
661 723 825 809 pendunt3
852 722 970 787 militiae
994 723 1189 789 vacationem
1214 726 1412 810 omniumque

325 850 427 892 rerum
462 825 577 890 habeat
609 823 849 889 immunitatem.
909 822 1020 888 Tantis
1046 823 1176 889 excitati
1208 826 1352 911 praemiis,
1379 835 1412 891 et

324 951 382 994 sna
395 936 505 1011 sponte
528 925 619 990 multi
643 925 675 988 in
701 923 894 1010 disciplinam
918 925 1114 1002 conveniunt,
1139 933 1172 990 et
1196 926 1416 1010 aparentibus

324 1027 565 1114 propinquisque
590 1026 771 1090 mittuntur.
827 1023 981 1109 Magnum
1012 1023 1056 1088 ibi
1080 1047 1244 1090 nnmerum
1271 1048 1415 1092 versuum

326 1129 462 1193 ediscere
475 1125 641 1191 dicuntur:
665 1126 770 1209 itaque
790 1146 888 1188 annos
910 1123 1049 1189 nonnulli
1064 1124 1188 1191 vicenos
1208 1125 1417 1212 indisciplina

325 1234 516 1314 permanent.
562 1226 670 1309 Neque
693 1226 740 1289 ias
764 1247 829 1289 esse
853 1223 1047 1300 existimant,
1064 1247 1101 1289 ea
1121 1225 1233 1290 litteris
1255 1226 1413 1304 mandare,

325 1352 422 1413 quum
449 1329 481 1392 in
503 1326 627 1411 reliquis
649 1326 712 1389 fere
737 1325 838 1401 rebus,
858 1323 991 1408 publicis
1014 1325 1203 1410 privatisque
1233 1326 1415 1404 rationibus,

327 1429 445 1493 Grecis
458 1433 590 1492 utantur
603 1426 724 1490 litteris.
777 1424 817 1488 ld
831 1423 908 1488 mihi
924 1424 1045 1490 duabus
1060 1424 1099 1490 de
1115 1427 1232 1492 caussis
1245 1426 1417 1492 instituisse

326 1529 495 1601 videntur;
533 1526 615 1610 quod
637 1547 736 1609 neque
758 1524 791 1587 in
814 1525 940 1609 vulgnrm
962 1525 1156 1611 disciplinam
1185 1526 1286 1591 efferri
1307 1526 1415 1603 velint,

327 1652 427 1715 neque
459 1650 521 1706 eos,
557 1626 608 1710 qui
646 1625 778 1702 discant,
813 1623 926 1689 litteris
957 1626 1098 1704 confisos,
1127 1627 1230 1693 miuus
1258 1627 1416 1692 memoriae

327 1730 473 1800 studere;
499 1727 582 1811 quod
604 1725 668 1790 fere
690 1724 842 1811 plerisque
863 1724 988 1802 accidit,
1011 1733 1049 1790 ut
1072 1726 1215 1812 prasidio
1239 1726 1416 1793 litterarum

326 1828 523 1914 diligentiam
560 1827 592 1890 in
627 1823 829 1911 perdiscendo
862 1847 902 1889 ac
933 1826 1116 1892 memoriam
1144 1828 1318 1892 remittant.
1379 1826 1418 1892 In

327 1929 435 2017 primis
456 1928 515 1992 hoc
536 1926 645 1991 volunt
667 1924 862 2010 persuadere,
892 1948 954 1990 non
979 1926 1105 1992 interire
1130 1927 1259 2005 animas,
1291 1927 1347 1994 sed
1377 1927 1419 1992 ab

327 2030 397 2095 aliis
418 2037 489 2114 post
513 2037 646 2091 mortem
668 2026 799 2090 transire
820 2025 863 2089 ad
884 2024 982 2091 alios:
1006 2034 1101 2112 atque
1127 2028 1186 2093 hoe
1214 2028 1349 2094 maxime
1378 2028 1419 2093 ad

326 2130 476 2196 virtutem
491 2126 620 2192 excitari
638 2135 760 2212 putant,
787 2136 875 2191 metu
897 2126 1008 2192 mortis
1024 2127 1174 2213 neglecto.
1220 2129 1326 2194 Multa
1342 2152 1418 2214 prae-

327 2239 414 2295 terea
431 2228 470 2293 de
485 2227 637 2293 sideribus
652 2235 746 2310 atque
761 2249 867 2291 eorum
890 2235 988 2302 motu,
1008 2227 1047 2291 de
1068 2229 1176 2293 mnudi
1201 2251 1239 2293 ac
1264 2235 1417 2294 terrarum

327 2329 553 2416 magnitudine,
570 2327 608 2392 de
628 2350 730 2392 rernm
744 2336 867 2402 natura,
884 2327 924 2391 de
939 2327 1068 2392 deorum
1085 2329 1308 2394 immortalium
1324 2329 1356 2394 vi
1379 2351 1416 2393 ac

328 2438 486 2518 potestate
501 2428 662 2514 disputant
677 2435 709 2492 et
718 2425 881 2513 juventuti
896 2426 1070 2493 transdant.

373 2531 455 2596 XV.
477 2531 625 2595 Alterum
653 2550 752 2614 genus
777 2538 825 2593 est
852 2528 1003 2612 equitnm.
1049 2526 1106 2604 Hi,
1139 2551 1233 2612 quum
1258 2538 1305 2595 est
1333 2552 1417 2606 usus,

328 2641 424 2717 atque
450 2629 576 2715 aliquod
601 2628 717 2694 bellum
741 2628 851 2694 incidit
875 2628 973 2712 (quod
997 2636 1071 2694 ants
1096 2628 1227 2695 Caesaris
1250 2629 1421 2695 adveutum

327 2735 392 2799 fere
407 2730 572 2816 quotannis
587 2729 725 2794 accidere
743 2728 871 2806 solebat,
887 2729 935 2794 uti
955 2737 1011 2793 aut
1033 2728 1092 2814 ipsi
1111 2728 1242 2816 injurias
1263 2729 1420 2808 inferrent,

329 2842 385 2899 aut
413 2831 516 2897 illatas
539 2830 783 2915 propulsarent),
808 2850 916 2894 omnes
945 2828 978 2893 iu
1006 2829 1086 2893 bello
1114 2838 1296 2897 versantur:
1328 2838 1421 2914 atque

327 2956 436 2998 eornm
450 2930 626 3015 utquisque
639 2938 688 2995 est
699 2952 812 3014 genere
822 2928 978 3015 copiisque
988 2929 1205 3015 amplissimus,
1218 2933 1265 2997 ita
1273 2931 1421 3016 plurimos

327 3034 445 3098 circum
460 3054 493 3096 se
515 3030 675 3095 ambactos
691 3029 878 3115 clientesque
899 3029 1027 3094 habeut.
1072 3029 1167 3096 Hanc
1180 3055 1275 3097 unam
1291 3032 1422 3118 gratiam

328 3132 562 3218 potentiamque
576 3139 738 3195 noverunt.

374 3231 476 3297 XVI.
500 3229 595 3295 Natio
629 3239 677 3296 est
708 3230 809 3295 omnis
833 3229 994 3294 Gallorum
1023 3229 1194 3296 admodum
1220 3231 1329 3297 dedita
1353 3232 1423 3297 reli·

330 3332 493 3420 gionibus3
517 3338 612 3414 atque
636 3330 761 3395 obeam
778 3352 929 3405 caussam,
946 3330 998 3413 qui
1014 3339 1087 3396 suut
1101 3331 1216 3397 adfecti
1231 3332 1423 3417 gravioribus

330 3433 456 3509 morbis,
487 3433 600 3515 quique
629 3430 660 3495 in
692 3431 805 3516 proeliis
836 3429 1039 3515 periculisque
1073 3441 1246 3510 versantur,
1277 3442 1332 3498 aut
1365 3456 1421 3519 pro

329 3533 468 3600 victimis
492 3531 633 3597 homines
655 3531 826 3609 immolant,
850 3540 905 3595 aut
930 3553 964 3596 se
989 3531 1204 3598 immolaturos
1226 3542 1339 3598 vorent
1364 3533 1424 3597 ad-

331 3633 540 3716 ministrisque
561 3632 603 3696 ad
633 3655 670 3696 ea
693 3629 842 3696 sacrificia
869 3630 1042 3696 Druidibus
1068 3639 1220 3706 utuntur;
1249 3632 1340 3716 quod,
1368 3656 1424 3717 pro

331 3736 398 3801 vita
429 3733 562 3798 hominis
590 3732 649 3797 nisi
681 3731 814 3796 hominis
844 3731 910 3796 vita
936 3731 1096 3811 reddatur,
1123 3755 1186 3797 non
1216 3754 1304 3817 posse
1333 3733 1425 3798 aliter

332 3836 463 3901 deorum
484 3832 706 3897 immortalium
728 3854 843 3896 numen
865 3831 980 3917 placari
1002 3832 1214 3897 arbitrantur:
1244 3833 1426 3917 publiceque

331 3935 472 4022 ejusdem
507 3933 629 4018 generis
662 3932 781 3998 habent
813 3932 960 3996 instituta
990 3930 1148 3997 sacrificia.
1199 3931 1266 3997 Alii
1297 3933 1426 4000 immani

334 4033 551 4121 magnitudine
575 4031 741 4098 simulacra
765 4031 891 4107 habent,
920 4054 1049 4115 qnorum
1079 4040 1228 4097 contexta
1258 4033 1425 4100 viminibus

333 4136 475 4201 membra
496 4133 576 4198 vivis
596 4131 773 4197 hominibus
794 4131 960 4216 complent,
984 4132 1094 4216 quibus
1116 4133 1279 4212 succensis,
1296 4135 1428 4199 circum-

333 4236 420 4302 venti
447 4233 573 4299 flamma
600 4232 819 4297 exanimantur
847 4232 997 4297 homines.
1043 4232 1203 4319 Supplicia
1229 4258 1346 4311 eorum,
1376 4235 1428 4319 qui

334 4339 367 4403 in
389 4337 485 4412 furto,
500 4342 555 4398 aut
578 4333 610 4399 in
630 4331 800 4411 latrocinio,
815 4340 871 4397 aut
894 4331 998 4416 aliqua
1019 4355 1103 4397 noxa
1116 4333 1180 4398 sint
1204 4335 1427 4421 comprehensi,

335 4438 473 4521 gratiora
500 4434 560 4499 diis
584 4432 811 4499 immortalibus
832 4454 898 4500 esse
919 4432 1133 4505 arbitrantur;
1158 4434 1224 4511 sed,
1243 4458 1338 4519 quum
1361 4432 1427 4520 ejus
