3202 5076
642 469 934 527 euonnooneuu.
1251 455 1339 526 lxxv

243 633 330 713 facti,
356 633 422 700 sine
445 641 532 699 metu
552 641 639 699 trans
663 633 810 697 Rhenum
832 631 865 696 in
889 653 962 697 suos
976 630 1061 697 vicos
1083 631 1338 719 remigraverunt.

245 734 308 799 His
333 734 504 801 interfectis
532 734 724 818 navibusque
753 754 862 797 eorum
892 732 1061 818 occupatis,
1094 733 1274 818 priusquam
1301 756 1340 800 ea

244 856 317 919 pars
338 834 567 921 Menapiorum,
592 857 661 919 quae
680 835 759 899 citra
780 831 927 897 Rhenum
948 832 1054 916 quieta
1073 832 1105 898 in
1126 834 1191 899 suis
1214 834 1340 901 sedibus

245 942 324 1012 erat,
348 936 460 1001 certior
484 933 584 1013 fieret,
605 932 722 999 flumen
742 932 933 998 transierunt
952 941 1055 1017 atque,
1071 933 1214 1000 omnibus
1232 956 1340 1000 eorum

245 1033 384 1101 adificiis
408 1035 578 1122 occupatis,
605 1034 755 1119 reliquum
778 1040 900 1119 partem
921 1033 1033 1100 hiemis
1059 1056 1092 1100 se
1112 1056 1220 1099 eorum
1243 1035 1341 1121 copiis

244 1135 398 1201 aluerunt.

291 1235 334 1300 V.
362 1236 425 1302 His
456 1236 497 1300 de
522 1235 616 1300 rebus
646 1232 751 1299 (laser
780 1233 895 1298 certior
926 1233 1039 1312 factus,
1064 1245 1097 1299 et
1122 1231 1338 1301 infirmitatem

247 1333 407 1401 Gallorum
436 1335 565 1412 veritus,
595 1334 679 1421 quod
705 1342 779 1399 sunt
809 1334 841 1399 in
870 1334 1006 1400 consiliis
1027 1334 1186 1420 capiendis
1207 1336 1340 1403 mobiles

248 1450 280 1500 et
304 1437 392 1503 novis
418 1437 596 1522 plerumque
622 1435 714 1500 rebus
738 1433 878 1512 student,
902 1434 979 1499 nihil
1008 1433 1059 1500 his
1079 1435 1339 1503 committendum

247 1537 450 1603 existimavit.
494 1534 555 1602 Est
583 1544 690 1601 autem
719 1535 778 1600 hoc
805 1534 933 1600 Gallicae
962 1535 1203 1613 consuetudinis,
1231 1536 1280 1602 uti
1306 1545 1339 1603 et

248 1637 394 1715 viatores,
417 1637 512 1703 etiem
542 1636 666 1714 invitos,
698 1637 864 1701 consistere
890 1643 1004 1723 cogant
1032 1644 1076 1712 et,
1099 1635 1182 1720 quod
1211 1638 1340 1722 quisquo

249 1760 355 1802 eorum
386 1738 425 1802 de
456 1760 577 1823 quaque
605 1760 639 1803 ro
667 1736 802 1802 audierit
833 1743 889 1801 aut
921 1737 1111 1821 cognoverit,
1139 1746 1281 1821 quaerant
1306 1746 1339 1803 at

247 1845 436 1903 mercatores
456 1838 489 1904 in
511 1837 633 1923 oppidis
655 1837 766 1922 vulgus
791 1836 1009 1915 circumsistat,
1037 1838 1208 1922 quibusque
1230 1861 1270 1903 ex
1291 1861 1339 1904 re-

245 1938 391 2022 gionibus
418 1938 555 2016 veniant,
581 1960 718 2022 quasque
742 1937 785 2002 ibi
813 1960 863 2002 res
893 1937 1104 2023 cognoverint,
1137 1938 1340 2023 pronunciare

248 2043 374 2122 cogant.
440 2036 502 2103 His
538 2037 712 2102 rumoribus
746 2045 841 2121 atque
876 2038 1089 2104 auditionibus
1124 2039 1268 2123 permoti,
1299 2039 1339 2104 de

249 2137 379 2202 summis
409 2158 494 2222 saepe
522 2138 614 2202 rebus
635 2136 762 2202 consilia
791 2138 911 2216 ineunt,
929 2160 1060 2221 quorum
1087 2161 1179 2204 eose
1207 2139 1339 2226 vestigio

249 2237 397 2324 poenitere
426 2259 549 2303 necesse
578 2245 635 2315 est,
658 2259 753 2320 quum
778 2237 905 2302 incertis
937 2237 1113 2305 rumoribus
1141 2239 1278 2305 serviant
1307 2248 1340 2306 et

251 2338 386 2423 plerique
402 2336 444 2402 ad
462 2337 656 2403 voluntatem
670 2358 777 2401 eorum
792 2333 867 2401 ficta
878 2336 1098 2423 respondeant.

295 2438 357 2503 VI.
380 2438 451 2521 Qua
470 2437 694 2504 consuetudine
721 2437 855 2523 cognita,
889 2437 1003 2515 Gaesar,
1031 2460 1070 2503 ne
1096 2438 1232 2523 graviori
1257 2440 1340 2507 bello

250 2546 432 2619 occurreret,
460 2539 623 2617 maturius,
646 2560 740 2622 quam
772 2546 945 2615 consueret,
976 2537 1018 2603 ad
1046 2538 1219 2603 exercitum
1248 2539 1340 2624 profi-

249 2640 385 2706 ciscitur.
430 2639 479 2704 Eo
505 2661 601 2724 quum
623 2639 766 2717 venisset,
797 2660 843 2715 ea,
866 2660 935 2722 quae
964 2638 1030 2702 fore
1058 2638 1233 2724 suspicatus
1261 2649 1341 2717 erat,

251 2739 335 2804 facta
364 2740 519 2825 cognovit,
553 2739 664 2805 misses
696 2738 867 2825 legationes
897 2739 939 2804 ab
971 2738 1128 2805 nonnullis
1160 2739 1343 2808 civitatibus

249 2838 292 2904 ad
317 2839 502 2914 Germanos,
526 2840 734 2924 inritatosque
760 2862 822 2916 eos,
848 2840 897 2904 uti
919 2839 960 2903 ab
988 2839 1099 2904 Rheno
1124 2838 1339 2918 discederent;

250 2940 413 3024 omniaque
440 2962 510 3024 quae
537 2940 755 3025 postulassent,
784 2939 825 3005 ab
856 2961 890 3004 se
918 2940 983 3004 fore
1012 2948 1133 3026 parata.
1185 2941 1256 3023 Qua
1286 2963 1342 3028 spe

249 3040 379 3107 adducti
396 3039 545 3105 Germani
562 3040 655 3105 latins
666 3038 735 3126 jam
751 3039 946 3126 vagabantur
966 3047 998 3105 ct
1016 3040 1049 3104 in
1072 3037 1142 3106 finis
1157 3039 1341 3108 Eburonum

250 3148 283 3205 et
303 3140 544 3218 (londruscrum,
569 3140 717 3225 quisunt
739 3139 938 3205 Trevircmm
961 3139 1099 3218 clientes,
1124 3151 1341 3226 pervenerant.

253 3240 452 3328 Principibus
486 3240 596 3305 Galliae
631 3239 780 3319 evocatis,
816 3240 920 3307 Caesar
951 3263 998 3319 ea,
1035 3263 1104 3325 quae
1136 3252 1338 3328 cognoverat,

251 3341 476 3407 dissimulanda
499 3341 557 3407 sibi
578 3340 780 3418 existimavit,
805 3362 972 3424 eorumque
994 3341 1107 3407 animis
1127 3342 1290 3428 permulsis
1308 3354 1341 3410 ct

250 3439 441 3507 confirmatis
476 3441 676 3526 equitatuque
714 3441 880 3526 imperato,
917 3441 1033 3507 bollum
1068 3464 1141 3506 cum
1177 3442 1343 3511 Germanis

248 3565 356 3630 gerere
373 3541 548 3608 constituit.

295 3642 378 3707 vll.
412 3642 460 3707 Bc
503 3641 709 3708 frumentaria
743 3649 925 3726 comparata
955 3640 1171 3726 equitibusque
1201 3642 1340 3723 delectis,

251 3742 312 3808 iter
333 3743 364 3808 in
387 3765 425 3808 ea
446 3743 515 3808 loca
537 3743 638 3808 facere
660 3742 761 3827 coepit,
785 3741 897 3827 quibus
921 3743 954 3807 in
977 3742 1054 3807 locis
1081 3764 1148 3807 esse
1170 3742 1343 3812 Germanos

251 3843 411 3909 audiebat.
455 3842 488 3907 A
518 3842 629 3929 quibus
650 3864 746 3927 quum
771 3864 941 3928 paucorum
971 3842 1092 3907 dierum
1120 3842 1181 3907 iter
1208 3844 1342 3924 abesset,

251 3944 346 4029 legati
361 3944 402 4008 ab
422 3942 472 4009 his
493 3951 654 4020 venerunt,
670 3965 801 4027 quorum
822 3943 889 4008 haec
908 3943 970 4008 fuit
990 3941 1110 4008 oratio:
1138 3942 1344 4013 “Germanos

251 4066 350 4128 neque
372 4044 490 4130 priores
514 4042 628 4129 populo
655 4043 798 4108 Romano
821 4043 937 4108 bellum
962 4043 1085 4120 inferre,
1111 4065 1211 4127 neque
1235 4051 1343 4111 tamen

251 4167 403 4225 recusare,
425 4144 451 4210 si
472 4145 672 4221 lacessantur,
700 4144 774 4228 quin
801 4143 897 4209 armis
920 4143 1133 4219 contendant;
1159 4143 1242 4229 quod
1265 4146 1344 4211 Ger-

251 4267 415 4311 manorum
436 4245 626 4312 consuetudo
653 4243 720 4308 hec
742 4245 783 4310 sit
808 4266 828 4309 a
855 4241 1024 4331 majoribus
1053 4242 1181 4321 tradite,
1205 4244 1343 4329 quicum-

251 4368 311 4429 que
336 4345 453 4410 bellum
474 4347 619 4423 inferant,
640 4344 794 4422 resistere,
817 4367 916 4428 neque
944 4342 1120 4430 deprecari:
1147 4342 1214 4409 haec
1236 4353 1343 4410 tamen

252 4444 368 4522 dicere,
399 4445 520 4512 venisse
548 4447 669 4527 inritos,
702 4442 818 4531 ejectos
848 4444 954 4511 domo.
1014 4443 1049 4508 Si
1084 4465 1172 4511 suam
1206 4444 1343 4536 gratiam
