3246 5078
624 437 917 495 raousoouuux.
1181 422 1319 492 lxxxvii

268 601 411 667 XXIII.
438 600 626 666 Civitatibus
657 600 796 664 maxima
831 598 899 663 laus
933 606 990 674 cst,
1025 622 1118 684 quam
1152 600 1319 667 latissimas

225 701 339 766 circum
363 725 397 768 sc
411 702 542 767 vastatis
566 699 677 765 tinibus
698 697 880 765 solitudines
901 697 1025 764 habere.
1072 701 1144 765 Hoc
1159 701 1318 787 proprium

224 802 352 868 virtutis
380 801 571 878 existimant,
596 801 741 886 expulsos
772 799 855 885 agris
884 796 1031 865 finitimos
1063 800 1182 881 cedere,
1217 825 1317 886 neque

226 925 411 987 quemqnam
427 925 521 988 prope
533 900 650 999 pudere
665 901 849 965 consistere:
877 898 968 964 simul
986 899 1044 965 hoc
1056 923 1089 966 se
1105 901 1171 967 fore
1186 901 1318 968 tutiores

226 1003 427 1080 arbitrantur,
461 989 630 1087 repdntinee
665 998 847 1066 incursionis
886 998 997 1065 timore
1028 1001 1160 1067 sublato.
1213 1003 1317 1086 Quum

226 1102 342 1167 bellum
362 1103 473 1168 civitas
492 1110 549 1168 aut
572 1101 693 1167 illatum
716 1099 865 1177 defendit,
887 1107 943 1164 aut
964 1100 1078 1167 infert:
1106 1103 1317 1188 magistratus,

227 1203 279 1287 qui
304 1202 332 1267 ei
355 1203 436 1268 bello
463 1203 602 1288 praesint,
628 1210 664 1267 ut
692 1199 764 1265 vite
790 1199 933 1283 necisque
957 1200 1093 1268 habeant
1119 1210 1317 1289 potestatem,

227 1302 415 1388 deligamur.
468 1303 506 1367 In
530 1325 606 1388 paco
631 1301 734 1367 nullus
760 1308 807 1366 est
830 1302 1002 1366 communis
1025 1303 1236 1389 magistratus,
1262 1303 1318 1369 sed

227 1402 380 1489 principes
411 1403 572 1489 regionum
602 1410 696 1487 atque
727 1422 877 1486 pagorum
907 1399 989 1466 inter
1020 1425 1092 1468 suos
1117 1401 1172 1489 jus
1199 1403 1317 1481 dieunt,

227 1504 511 1588 controversiasque
525 1502 680 1568 minuunt.
726 1499 906 1566 Latrocinia
926 1502 1045 1567 nullam
1061 1503 1178 1568 habent
1196 1503 1318 1569 infami-

227 1625 290 1679 am,
306 1626 374 1688 quae
391 1613 483 1669 extra
498 1601 575 1668 lines
589 1601 737 1689 cujusque
752 1601 888 1666 civitatis
909 1598 1010 1675 liunt;
1038 1612 1132 1689 atque
1156 1626 1195 1668 ea
1206 1601 1320 1690 juveu-

226 1703 304 1769 tutis
320 1704 500 1769 exercendae
519 1726 557 1768 ac
579 1702 704 1769 desidiae
726 1701 900 1768 minuendae
921 1723 1031 1768 caussa
1052 1704 1117 1769 fieri
1140 1704 1320 1789 praedicant.

227 1803 346 1887 Atque,
361 1804 416 1869 ubi
438 1804 507 1888 quis
528 1826 569 1868 ex
590 1803 780 1889 principibus
801 1802 834 1865 in
851 1803 980 1867 concilio
1003 1804 1096 1881 dixit,
1122 1811 1185 1870 “se
1208 1804 1320 1870 ducem

228 1905 315 1977 fore;
348 1905 402 1987 qui
430 1904 516 1988 sequi
538 1905 648 1978 velint,
677 1899 911 1989 profiteantur?
934 1912 1123 1990 consurgunt
1150 1905 1182 1983 ii,
1210 1906 1263 1989 qui
1288 1915 1320 1972 et

226 2025 368 2069 caussam
391 2011 423 2067 et
445 2003 601 2069 homiuem
624 2004 766 2089 probant,
789 2024 939 2085 suumque
964 2005 1116 2071 auxilium
1137 2006 1322 2091 pollicentur

225 2114 322 2188 atque
345 2102 386 2168 ab
412 2102 613 2169 multitudiue
640 2102 877 2168 collaudantur:
914 2105 966 2186 qui
998 2127 1039 2171 ex
1066 2106 1105 2172 iis
1135 2106 1233 2171 secani
1259 2130 1321 2172 non

228 2211 312 2280 suut,
337 2204 369 2268 iu
393 2202 585 2269 desertorum
607 2226 644 2269 ac
670 2203 862 2289 proditorum
887 2224 1016 2270 numero
1040 2205 1197 2271 ducuntur
1222 2207 1319 2272 omni·

228 2326 342 2388 umque
356 2304 395 2370 iis
408 2326 512 2369 rerum
531 2312 641 2390 postea
654 2302 731 2369 fides
745 2303 923 2387 derogatur.
969 2304 1119 2391 Hospites
1133 2306 1259 2384 violare,
1274 2307 1321 2373 fas

229 2426 289 2467 nou
307 2412 442 2490 putaut;
467 2406 519 2488 qui
535 2426 656 2490 quaque
681 2403 720 2469 de
734 2423 844 2468 caussa
857 2400 898 2465 ad
916 2425 969 2470 eos
984 2405 1135 2481 venerint,
1154 2406 1194 2471 ab
1209 2405 1322 2492 injuria

230 2505 394 2589 prohibent
426 2514 609 2589 sanctosque
640 2503 777 2579 habent;
818 2501 857 2566 iis
878 2503 1025 2570 ‘omnium
1057 2505 1169 2570 domus
1199 2515 1320 2591 patent,

227 2604 389 2689 vietusque
403 2605 660 2670 communicatur.

273 2704 412 2770 XXIV.
435 2705 486 2770 Ac
516 2705 577 2771 fuit
605 2715 699 2771 autea
734 2711 868 2791 tempus,
901 2727 997 2791 quum
1031 2704 1203 2770 Germanos
1235 2704 1318 2772 Galli

227 2806 343 2870 virtute
370 2814 563 2891 superarent,
587 2807 671 2872 ultro
701 2805 785 2871 bella
815 2806 973 2883 inferrent,
1002 2814 1129 2891 propter
1160 2806 1321 2872 hominum

227 2905 459 2971 multitudinem
482 2906 608 2991 agrique
630 2906 767 2992 inopiam
788 2913 875 2972 trans
897 2906 1043 2972 Rhenum
1065 2905 1201 2972 colonias
1215 2907 1319 2973 mitte

226 3012 306 3070 rent.
353 3006 464 3091 Itaque
481 3029 528 3086 ea,
542 3030 610 3091 quae
625 3006 815 3072 fertilissima
830 3016 913 3084 sunt,
930 3005 1105 3071 Germaniae
1119 3005 1188 3072 loca
1202 3007 1319 3073 circum

228 3104 422 3192 Hercyniam
447 3106 557 3172 silvam
582 3111 692 3191 (quam
713 3106 915 3172 Eratostheni
942 3115 974 3171 et
994 3106 1179 3190 quibusdam
1202 3107 1320 3175 Graecis

225 3206 310 3270 sama
323 3215 431 3272 nolam
448 3229 514 3273 osse
530 3207 631 3284 rideo,
647 3229 740 3292 quam
756 3206 802 3271 illi
820 3207 990 3294 Orcyniam
1005 3206 1191 3292 adpellant),
1207 3208 1317 3273 Volcae

226 3305 413 3394 Tectosages
437 3316 666 3393 occupaverunt
687 3316 781 3391 atque
806 3307 850 3373 ibi
876 3307 1092 3374 consederunt.
1137 3307 1215 3390 Quae
1241 3331 1318 3395 gens

224 3406 345 3472 adhoc
369 3416 494 3492 tempus
519 3408 558 3474 iis
585 3408 710 3474 sedibus
732 3430 799 3473 sese
824 3408 963 3473 continet
988 3429 1201 3492 summamque
1222 3408 1318 3475 habet

218 3505 353 3592 justitiae
370 3515 402 3573 et
422 3508 539 3573 bellica
560 3508 662 3574 leudis
682 3507 877 3594 opiuionem:
901 3531 983 3573 nunc
1006 3530 1126 3592 quoque
1151 3509 1183 3572 in
1209 3508 1319 3574 eadem

224 3607 338 3692 iuopia,
366 3616 514 3693 egestate,
540 3609 700 3694 patientia,
728 3631 790 3693 qua
817 3608 975 3687 Gennaui,
1002 3615 1185 3694 permanent
1210 3608 1318 3673 eodem

227 3707 311 3772 victu
341 3715 374 3773 et
404 3709 490 3774 cultu
520 3709 657 3794 corporis
686 3718 842 3784 utuntur;
888 3709 988 3775 Gallis
1017 3716 1121 3775 autem
1152 3708 1318 3793 provinciae

226 3807 450 3893 propinquitas,
480 3818 512 3874 et
542 3809 817 3876 transmarinarum
853 3832 956 3874 rerum
990 3808 1115 3883 notitia,
1147 3810 1249 3875 multa
1277 3810 1318 3875 ad

224 3908 345 3994 copiam
371 3918 464 3996 atque
490 3933 562 3976 usus
587 3909 728 3997 largitur.
774 3908 946 3975 Paullatim
971 3910 1144 3976 adsuefami
1167 3910 1316 3995 superari,

223 4008 391 4094 multIsque
415 4011 492 4077 victi
516 4010 640 4095 proeliis,
670 4034 710 4076 ne
734 4010 915 4094 sequidem
937 4011 995 4098 ipsi
1020 4033 1092 4076 cum
1117 4010 1316 4076 illisvirtute
1381 4020 1385 4027 '

223 4116 415 4194 comparant.

266 4208 386 4276 XXV.
410 4209 518 4297 Hujus
548 4210 717 4298 Hercynia
749 4211 844 4292 silvae,
877 4234 945 4296 qua
979 4234 1072 4297 supro
1103 4211 1317 4276 demonstrata

224 4315 281 4387 est,
307 4309 442 4376 latitudo
466 4335 578 4378 novem
600 4313 720 4377 dierum
745 4312 805 4378 iter
832 4311 979 4398 expedito
1001 4319 1107 4398 patet:
1143 4335 1204 4376 non
1233 4311 1315 4375 euim

222 4408 314 4475 aliter
331 4409 411 4476 finiri
425 4420 538 4497 potest,
552 4436 651 4497 neque
664 4436 825 4480 mensuras
838 4413 985 4479 itinerum
999 4420 1161 4478 noverunt.
1208 4412 1317 4477 Oritur
