3264 5086
302 462 352 535 ’ἲ
570 452 645 518 Tull
667 454 848 515 GERMANY
870 454 918 509 OF
942 452 1110 507 laelius.

661 675 734 718 dora
755 673 792 714 Oli
814 673 929 715 emon
950 672 1025 712 xxii.

342 838 352 871 r
378 814 647 899 3,.„.saar.]-Tlre
661 830 709 870 use
722 810 754 868 of
771 807 821 867 the
834 807 905 867 bath
918 808 943 866 is
957 806 1119 885 recognised
1141 804 1316 884 throughout
1336 803 1385 863 the

300 928 355 985 dd
373 924 458 985 Now
472 918 566 993 &8⁸⁸-

734 1126 948 1141 ————

351 1356 500 1437 xxm.
527 1352 635 1427 Potui
661 1351 790 1422 humor
816 1372 864 1420 ex
886 1348 1019 1419 hordeo
1044 1356 1107 1418 aut
1133 1348 1320 1427 frumento,
1348 1345 1385 1413 in

299 1476 487 1581 qllamdam
501 1468 771 1543 similitudinem
790 1467 862 1536 vini
876 1467 1084 1557 corruptus.¹
1129 1461 1287 1533 Proximi
1302 1462 1386 1554 ripae

299 1606 337 1673 at
363 1594 483 1667 vinum
508 1594 720 1658 mercantur.
772 1582 853 1653 cibi
871 1580 1070 1674 simplices:
1098 1579 1252 1673 agrestia
1271 1600 1386 1670 poma,

300 1731 421 1789 uaeris
443 1707 526 1787 fera,
554 1710 618 1773 aut
644 1701 699 1770 lac
729 1708 946 1771 concretum.
999 1695 1085 1767 Sine
1107 1704 1288 1789 apparatu,
1311 1696 1387 1787 sine

298 1820 550 1901 blandimentis
579 1816 767 1911 expellunt
792 1817 933 1886 famem.
985 1810 1166 1884 Adversis
1184 1812 1293 1894 sitim,
1315 1831 1386 1881 nou

298 1942 421 2017 cadem
457 1935 704 2029 temperantia.
756 1931 795 2002 Si
830 1930 1017 2002 indulseris
1051 1928 1227 2011 ebrietati,
1260 1950 1386 2021 sugge-

298 2056 407 2133 rendo
430 2061 604 2146 quantum
622 2050 886 2142 concupiscunt,
903 2048 997 2118 haud
1019 2045 1136 2117 miuus
1161 2043 1264 2117 facile
1281 2045 1386 2125 vitiis,

298 2172 403 2271 qudm
421 2168 527 2240 armis
544 2169 741 2237 vincentur.

658 2368 732 2410 dorla
752 2368 790 2410 ΟΝ
810 2365 926 2409 ΒΕΟΠΟΝ
946 2367 1035 2408 xxm.

338 2512 347 2549 ¹
368 2506 485 2565 Hermos
503 2525 535 2564 ec
554 2505 655 2565 dordco
674 2513 725 2563 aut
738 2500 1209 2583 fremo—eorruptasJ—Both
1227 2501 1277 2561 tha
1297 2500 1388 2560 words

297 2605 342 2665 cle
354 2603 411 2663 aud
425 2604 485 2662 beer
498 2622 545 2661 are
555 2603 588 2661 of
604 2601 758 2662 Germanic
771 2600 873 2678 origin.
916 2599 977 2660 'she
991 2598 1087 2660 Keltie
1100 2607 1181 2673 term,
1195 2620 1231 2658 ou
1245 2599 1295 2659 the
1308 2598 1389 2658 other

296 2699 383 2772 haud,
396 2699 422 2759 ia
435 2698 706 2769 commemoratis,
718 2697 792 2756 from
805 2696 855 2755 tha
867 2696 963 2756 Latin.

735 2980 949 2991 —-——

347 3232 498 3309 XXIV.
526 3232 650 3305 Genus
670 3231 953 3326 spectaculorum
970 3256 1092 3318 uuum,
1109 3243 1217 3328 atque
1234 3235 1387 3305 inomni

296 3363 392 3428 eoetu
422 3352 529 3422 idem.
583 3348 683 3420 Nudi
703 3350 865 3442 juvenes,
892 3349 1020 3442 quibus
1053 3352 1091 3421 id
1120 3350 1295 3423 ludicrum
1322 3363 1388 3434 est,

296 3475 392 3547 inter
415 3467 552 3565 gladios
577 3489 625 3550 se,
643 3474 750 3559 atque
776 3465 923 3537 infestas
949 3469 1109 3553 frameas,
1126 3468 1220 3540 saltu
1236 3470 1387 3562 Jociunt.

297 3585 519 3661 Exercitatio
544 3592 658 3655 artem
684 3583 831 3676 paravit,
849 3606 904 3654 ars
921 3584 1108 3657 decorem:
1135 3608 1207 3655 nou
1232 3586 1270 3655 in
1293 3607 1389 3677 qure-

296 3716 392 3779 etum
409 3714 542 3786 tamen,
559 3711 623 3773 aut
639 3699 865 3771 mercedem:
891 3702 1050 3793 quamvis
1076 3702 1217 3773 audacis
1235 3700 1387 3772 laseiviae

297 3822 453 3916 pretium
477 3830 542 3905 est,
560 3817 723 3911 voluptas
748 3818 998 3911 spectantium.
1049 3816 1179 3890 Aleam
1197 3818 1306 3913 (quod
1322 3819 1387 3888 mi·

298 3941 391 4031 rere)
413 3937 521 4010 sobrii
547 3938 642 4008 inter
668 3935 760 4008 seria
787 3943 967 4018 exercent,
994 3932 1098 4007 tante
1126 3935 1285 4007 lucrandi
1312 3958 1390 4029 per·

299 4055 451 4126 dendive
478 4055 692 4136 temeritate,
722 4061 774 4136 ut,
808 4050 890 4121 cim
924 4054 1043 4124 omnia
1076 4052 1293 4137 defecerunt,
1327 4076 1391 4124 ex·

299 4182 413 4243 tremo
438 4194 478 4242 ao
502 4171 692 4241 novissimo
707 4170 809 4261 jactu
836 4168 881 4238 de
911 4167 1077 4241 libertate
1103 4176 1141 4240 et
1171 4169 1215 4239 de
1244 4192 1390 4263 corpore

299 4289 526 4360 contendant.
578 4286 708 4361 Victus
751 4285 986 4357 voluntariam
1026 4287 1252 4357 servitutem¹
1292 4287 1389 4358 adit:

300 4406 459 4500 quamvis
471 4405 603 4497 junior,
621 4405 781 4497 quamvis
797 4403 983 4485 robustior,
1000 4402 1136 4498 alligari
1156 4426 1193 4475 se
1210 4426 1253 4474 ac
1269 4403 1389 4474 venire
