3202 5076
302 446 397 517 lxxii
580 459 658 516 unu
679 459 861 516 ennuauu
887 461 935 516 os
959 461 1125 518 uacuus

307 623 391 709 ripas
414 623 517 687 Rheni
538 631 697 701 venerant,
721 623 850 688 domum
867 624 981 689 reverti
1003 630 1182 710 coeperunt:
1206 645 1283 708 quos
1315 623 1401 701 Ubii,

309 724 361 808 qui
385 720 518 809 proximi
541 722 685 789 Rhenum
709 722 858 801 incolunt,
882 724 1063 809 perterritos
1088 724 1229 801 insecuti,
1254 746 1402 811 magnum

310 846 350 888 ex
365 823 414 887 his
426 845 589 887 numerum
605 823 795 888 occiderunt.
846 824 960 902 Oaesar,
976 846 1040 889 nna
1053 832 1161 890 astate
1178 824 1300 889 duobus
1313 847 1404 889 max-

311 923 382 989 imis
396 923 485 988 bellis
499 923 657 1003 confectis,
674 923 826 988 maturius
839 924 951 1008 paullo,
966 947 1059 1009 qnam
1071 933 1194 1010 tempus
1208 924 1282 990 anni
1298 932 1403 1010 postu·

311 1024 408 1100 labat,
429 1023 462 1087 in
484 1023 614 1088 hiberna
635 1023 667 1087 in
690 1022 849 1108 Sequanos
877 1024 1048 1089 exercitum
1083 1023 1235 1089 deduxit:
1266 1025 1404 1089 hibernis

314 1123 487 1191 Labienum
501 1124 689 1209 praeposuit:
716 1123 781 1209 ipse
796 1123 827 1187 iu
843 1123 1016 1189 citeriorem
1029 1123 1165 1190 Galliam
1177 1125 1219 1190 ad
1233 1132 1405 1190 conventus

312 1222 450 1310 agendos
464 1222 620 1308 profectus
634 1231 692 1290 est.

698 1398 768 1438 (ΗΕΒ.
789 1397 870 1438 BRLL·
887 1398 974 1440 GALR.
990 1398 1025 1441 11.

360 1520 423 1589 lv.
460 1523 564 1605 Quum
596 1522 637 1585 ab
669 1521 719 1585 his
749 1529 912 1605 quareret,
942 1545 1010 1607 qnae
1039 1522 1191 1601 civitates,
1221 1530 1407 1608 quantaeque

315 1623 346 1686 in
369 1623 464 1687 armis
486 1628 599 1694 essent,
624 1629 656 1686 et
678 1621 752 1705 quid
770 1621 801 1685 iu
814 1621 894 1686 bello
909 1629 1044 1707 possent,
1067 1624 1111 1689 sic
1127 1623 1319 1709 reperiebat:
1340 1623 1406 1709 ple-

316 1745 427 1807 rosque
442 1722 556 1810 Belpos
575 1743 633 1787 ease
649 1731 728 1786 ortos
741 1720 780 1785 ab
797 1723 982 1795 Germoaiu
1006 1722 1212 1808 Rhenumque
1234 1723 1407 1808 antiquitus

317 1823 526 1898 transductus,
544 1829 669 1908 propter
683 1822 742 1885 loci
757 1822 951 1888 fertilitatem
966 1822 1009 1888 ibi
1026 1824 1211 1900 consedisse,
1228 1823 1405 1908 Gallosque,

316 1921 369 2006 qui
386 1944 423 1988 ea
437 1923 506 1987 loca
527 1923 707 1997 incolerent,
732 1921 910 2006 expulisse;
934 1923 1074 2008 solosque
1095 1946 1172 2000 esse,
1194 1923 1257 2009 qui,
1281 1933 1407 2010 patrum

317 2031 494 2086 nostrorum
510 2021 668 2099 memoria,
681 2020 765 2085 omui
780 2020 884 2086 Gellia
896 2030 1021 2102 vexata,
1038 2023 1197 2090 Teutonos
1207 2025 1408 2109 Cimbrosque

318 2123 403 2187 intra
425 2120 502 2187 fines
527 2144 599 2187 suos
621 2121 741 2207 ingredi
767 2121 990 2207 prohibuerint.
1042 2125 1113 2206 Qua
1134 2147 1174 2189 ex
1199 2147 1232 2190 re
1257 2124 1334 2199 fieri,
1361 2124 1409 2189 uti

319 2244 425 2287 earum
441 2245 544 2286 rerum
559 2222 707 2287 memoria
728 2244 874 2307 magnam
895 2222 955 2289 sibi
978 2227 1199 2289 auctoritatem
1222 2246 1410 2309 magnosque

318 2321 445 2406 spiritus
467 2322 499 2386 iu
522 2345 555 2386 re
575 2322 702 2387 militari
724 2331 891 2389 sumerent.
954 2323 1004 2388 De
1028 2347 1157 2389 numero
1178 2347 1284 2389 eorum
1306 2324 1411 2388 omnia

320 2445 354 2488 se
375 2423 489 2488 habere
510 2424 683 2509 explorata,
706 2423 798 2488 Remi
820 2422 975 2503 dicebant,
999 2433 1163 2509 propterea
1181 2425 1264 2509 quod
1284 2424 1409 2509 propin·

320 2523 493 2607 quitatibus
509 2522 784 2607 adfinitatibusque
805 2520 973 2609 conjuncti,
993 2532 1142 2608 quantam
1156 2524 1284 2608 quisque
1303 2523 1412 2588 multi·

320 2623 461 2689 tudinem
476 2625 507 2688 in
525 2623 681 2689 communi
697 2622 865 2708 Belgamm
882 2624 1011 2689 concilio
1021 2624 1063 2689 ad
1075 2623 1108 2688 id
1121 2625 1236 2689 bellum
1253 2624 1411 2710 pollicitus

320 2724 371 2803 sit,
393 2725 606 2809 cognoverint.
650 2722 825 2787 Plurimum
849 2723 932 2788 inter
953 2747 1005 2790 eos
1026 2724 1206 2791 Bellovacos
1227 2733 1259 2789 et
1281 2724 1409 2802 virtute,

320 2832 353 2888 et
370 2824 567 2899 auctoritate,
580 2831 612 2887 et
622 2822 781 2887 hominum
798 2844 926 2888 numero
941 2824 1061 2889 valere:
1086 2825 1143 2889 hos
1156 2848 1245 2912 posse
1260 2823 1410 2889 conficere

321 2931 444 2987 armata
473 2923 572 2987 millia
598 2930 745 2987 centum:
779 2922 932 3008 pollicitos
956 2947 997 2990 ex
1018 2948 1055 2989 eo
1077 2948 1205 2991 numero
1227 2926 1328 2991 electa
1349 2948 1409 3002 xe,

321 3024 479 3106 totiusque
494 3023 566 3088 belli
583 3022 747 3107 imperium
768 3022 827 3088 sibi
848 3024 1014 3109 postulare.
1060 3026 1240 3091 Suessiones
1257 3048 1329 3091 snos
1343 3048 1410 3090 esse

322 3120 479 3200 finitimos,
505 3123 672 3190 latissimos
697 3122 958 3209 feracissimosque
983 3148 1075 3211 agros
1101 3126 1267 3211 possidere.
1312 3124 1410 3211 Apud

323 3245 376 3286 eos
403 3223 496 3288 fuisse
522 3246 627 3308 regem
655 3232 762 3288 nostra
788 3225 884 3289 ctiam
912 3225 1061 3290 memoria
1084 3226 1286 3302 Divitiacum,
1314 3226 1412 3291 totius

324 3322 434 3387 Galliae
443 3324 702 3408 potentissimum,
714 3323 766 3408 qui
778 3346 873 3408 quum
882 3347 1003 3411 magnae
1013 3325 1111 3410 partis
1120 3327 1231 3391 harum
1240 3326 1411 3412 regionum,

325 3433 392 3488 tum
415 3424 510 3488 etiam
533 3423 702 3488 Britanniae
729 3424 891 3509 imperium
912 3424 1099 3491 obtinuerit:
1128 3449 1209 3491 nunc
1227 3448 1293 3491 esse
1307 3448 1412 3511 regem

326 3523 478 3591 Galbam:
509 3524 551 3589 ad
581 3525 674 3599 huno,
697 3533 824 3610 propter
841 3522 999 3610 justitiam
1021 3526 1290 3611 prudentiamque,
1315 3526 1413 3591 totius

325 3623 398 3688 belli
428 3646 582 3689 summam
615 3625 754 3689 omnium
786 3625 946 3690 voluntate
978 3624 1110 3692 deferri:
1149 3625 1265 3712 oppida
1294 3625 1411 3690 habere

327 3747 456 3789 numero
480 3747 548 3802 xm,
578 3724 722 3810 pollicere
743 3724 840 3790 millia
861 3735 982 3791 armata
1001 3726 1246 3812 quinquaginta3
1278 3723 1412 3790 totidem

328 3823 474 3904 Nervios,
495 3825 547 3909 qui
568 3825 705 3889 maxime
718 3826 776 3890 feri
791 3824 873 3890 inter
886 3825 968 3911 ipsos
984 3826 1158 3892 habeantur
1174 3824 1410 3910 longissimeque

325 3926 450 3990 absint:
482 3948 536 3988 xv.
558 3925 656 3990 millia
675 3926 865 3992 Atrebates:
890 3926 1064 3992 Ambianos
1080 3949 1110 3991 x.
1126 3925 1242 3991 millia:
1268 3925 1410 3991 Morinos

326 4048 404 4091 xxv.
449 4025 564 4090 millia:
619 4025 783 4111 Menapios
823 4050 868 4090 rx.
904 4027 1018 4092 millia:
1067 4026 1191 4093 Caletos
1228 4049 1259 4094 x.
1290 4025 1409 4091 millia:

327 4125 512 4207 Velocasses
547 4133 580 4190 et
622 4125 858 4191 Veromeuduos
898 4126 1052 4192 totidem:
1099 4126 1284 4192 Aduatucos
1319 4150 1412 4191 xxrx.

324 4226 431 4301 millia,
464 4225 651 4300 Oondmsos,
677 4224 848 4304 Eburones,
877 4225 1036 4302 cerasos,
1067 4226 1244 4304 Paemanca
1270 4228 1325 4316 qai
1353 4249 1414 4293 ano

324 4327 444 4393 nomine
462 4327 609 4392 aemam
625 4325 835 4413 adpelloatar,
852 4327 997 4394 arbitrari
1013 4326 1051 4393 ad
1071 4350 1121 4391 xn.
1137 4326 1245 4394 millia.
