3246 5078
260 444 367 516 cxxvi
535 451 611 506 rna
635 445 817 504 onerent
843 443 892 499 or
915 440 1082 498 rrcrrus.

261 612 389 699 μεταξὺ
413 615 471 692 τῆς
492 605 666 684 θαλάττης
692 600 748 666 καὶ
771 600 837 664 τῶν
862 595 949 662 ἑώιον
977 596 1151 682 Γερμανῶν
1178 591 1356 679 ἱδρυμενόν·

260 721 366 784 Τοῦτο
383 712 471 780 δὲτὸ
486 708 566 777 αὐτὸ
593 705 744 790 ἇνρνὸημα
759 702 815 766 καὶ
830 701 908 785 περὶ
930 701 995 763 τῶν
1010 696 1127 763 ἄλλων
1149 700 1216 763 τῶν
1238 696 1358 782 ἐφεξῆς

261 814 499 906 προσαρκτίων
514 813 639 894 ἔλεγεν.
683 807 771 873 Οὔτε
784 803 849 888 γὰρ
874 801 950 873 τοὺς
965 800 1168 883 Βαστάρνας,
1185 799 1261 866 οὔτε
1282 799 1357 869 τοὺς

263 919 489 1007 Σαυρομάτας,
514 916 571 981 καὶ
596 913 715 981 ιἰπλῶς
734 908 811 978 τοὺς
848 904 930 991 ὑπὲρ
954 908 1013 969 τοῦ
1033 902 1161 968 Πόντου
1187 901 1359 974 οἰκοῦντας

264 1029 369 1111 ἴσμεν,
385 1021 454 1089 οὔθ’
470 1019 597 1087 ὁπόσον
611 1015 780 1101 ἀπέχουσι
796 1014 854 1092 τῆς
867 1008 1075 1088 Ἀτλαντικῆς
1093 1004 1275 1086 θαλάττης,
1292 1004 1358 1071 οὔτ’

265 1131 295 1198 εἱ
310 1128 539 1196 συνάπτουσιν
555 1121 589 1187 ἐν
604 1119 699 1202 αὐτῇ.

314 1373 329 1455 ᾗ
349 1393 429 1436 xxu.
457 1387 566 1430 nomes
588 1385 625 1426 Οἳ
647 1379 799 1423 GERMANY
822 1377 904 1419 FBOM
929 1375 1103 1416 POMPONIUS
1125 1377 1219 1429 MELA,
1246 1376 1292 1415 111.

307 1525 355 1589 ΙΙ.
381 1523 519 1597 Rhenus,
535 1516 576 1581 ab
593 1512 727 1598 Alpibus
744 1505 898 1583 decidens,
915 1525 1011 1589 prope
1028 1501 1164 1587 aeapite
1182 1500 1261 1566 duos
1275 1501 1361 1567 lacus

265 1625 370 1701 efficit,
394 1623 554 1687 Venetum
583 1621 616 1679 et
639 1608 823 1676 Acronium.
871 1605 952 1669 Mox
979 1602 1033 1667 diu
1063 1600 1191 1676 solidus,
1213 1609 1245 1665 et
1275 1611 1360 1666 certo

266 1727 355 1792 alveo
370 1724 485 1809 lapsus,
498 1715 584 1783 haud
599 1711 705 1800 procul
720 1733 740 1774 a
754 1707 833 1772 mari
848 1705 910 1770 huc
930 1712 962 1769 et
978 1703 1052 1767 illuc
1067 1701 1276 1788 dispergitur3
1304 1704 1358 1767 sed

266 1827 308 1892 ad
325 1823 482 1891 sinistram
497 1815 599 1883 amnis
626 1813 722 1878 etiam
745 1817 823 1885 tum,
840 1813 872 1871 et
890 1804 989 1869 donec
1012 1801 1129 1881 effluat,
1145 1802 1294 1877 Rhenus,
1317 1803 1358 1868 ad

266 1926 412 1991 dextram
436 1921 536 2008 primo
562 1921 712 2000 angustus
738 1917 770 1974 et
798 1907 846 1973 sui
872 1905 989 1983 similis,
1008 1911 1080 1990 post
1106 1903 1181 1989 ripis
1205 1903 1296 1989 longe
1321 1927 1358 1969 ac

266 2027 331 2092 late
348 2018 595 2093 recendentibus,
608 2012 678 2100 jam
693 2033 754 2076 non
772 2007 873 2073 amnis
894 2005 949 2071 sed
965 2005 1074 2091 ingens
1095 2004 1190 2081 lacus,
1209 2005 1262 2068 ubi
1277 2027 1359 2069 cam·

266 2149 324 2213 pos
354 2121 507 2209 implevit,
535 2116 634 2182 Fleuo
660 2111 792 2176 dicitur:
831 2105 1030 2194 ejusdemque
1062 2105 1196 2170 nominis
1227 2105 1359 2170 insulam

266 2225 442 2312 amplexus,
458 2219 494 2285 fit
509 2219 623 2283 iterum
637 2212 762 2289 arctior,
778 2210 952 2291 iterumque
967 2204 1079 2270 fluvius
1093 2205 1259 2270 emittitur.

311 2325 379 2390 III.
403 2319 572 2386 Germania
595 2315 668 2379 hinc
688 2312 763 2398 ripis
789 2307 855 2397 ejus
879 2330 977 2392 usque
1000 2305 1042 2370 ad
1061 2306 1169 2392 Alpes,
1188 2328 1208 2369 a
1228 2306 1359 2370 meridie

268 2427 343 2514 ipsis
360 2422 507 2509 Alpibus,
522 2419 563 2484 ab
581 2415 700 2482 oriente
723 2409 969 2478 Sarmaticarum
983 2404 1115 2471 confinio
1131 2405 1360 2491 gentiumque

268 2523 511 2614 septentrionem
549 2524 682 2605 spectat,
711 2511 855 2577 oceanico
898 2507 989 2572 litore
1028 2507 1164 2571 obducta
1194 2514 1253 2572 est.
1298 2507 1360 2589 Qui

267 2629 423 2704 habitant,
439 2623 592 2688 immanes
610 2623 682 2683 sunt
697 2612 807 2678 animis
820 2619 914 2694 atque
924 2607 1112 2693 corporibus,
1131 2614 1163 2670 et
1179 2605 1221 2671 ad
1236 2607 1361 2673 insitam

268 2729 425 2795 feritatem
443 2731 529 2790 vaste
546 2728 677 2801 utraque
692 2717 849 2787 exercent,
867 2707 1011 2774 bellando
1028 2708 1158 2786 animos,
1176 2730 1306 2793 corpora
1319 2707 1362 2772 ad

269 2824 525 2895 consuetudinem
540 2819 691 2891 laborum,
708 2812 844 2878 maxime
862 2809 992 2895 frigoris.
1046 2807 1131 2872 Nudi
1147 2816 1256 2894 agunt,
1274 2819 1359 2874 ante.

269 2951 366 3014 quum
383 2926 514 3012 puberes
530 2920 615 2993 sint;
639 2924 671 2980 et
696 2912 876 2998 longissima
889 2908 974 2996 apud
998 2931 1050 2972 eos
1065 2908 1199 2994 pueritia
1214 2917 1279 2974 est:
1304 2909 1361 2974 viri

269 3029 352 3115 sagis
376 3026 528 3098 velantur,
557 3026 614 3085 aut
644 3013 731 3080 libris
767 3012 923 3086 arborum,
955 3009 1098 3093 quamvis
1129 3031 1212 3073 saeva
1250 3009 1361 3073 hieme.

271 3127 377 3193 Nandi
401 3147 463 3190 non
480 3119 633 3208 patientia
649 3122 773 3181 tantum
798 3111 867 3186 illis,
884 3109 1022 3175 studium
1046 3110 1143 3173 etiam
1166 3117 1225 3175 est.
1275 3107 1364 3173 Bella

271 3251 343 3294 curn
369 3222 509 3290 finitimis
535 3231 667 3308 gerunt:
693 3235 802 3279 causas
826 3233 933 3275 eorum
962 3232 1002 3273 ex
1029 3208 1158 3272 libidine
1183 3216 1362 3279 arcessunt3

272 3350 372 3412 neque
390 3320 589 3410 imperitandi
604 3313 851 3405 prolatandique,
870 3333 937 3395 quae
959 3308 1120 3395 possident
1147 3303 1234 3391 (nam
1258 3309 1365 3373 ncilla

272 3427 398 3514 quidem
422 3424 513 3489 enixe
535 3421 667 3501 colunt),
691 3415 745 3480 sed
770 3422 815 3490 ut,
839 3413 921 3476 eirea
941 3412 1024 3496 ipsos
1048 3432 1117 3494 quae
1133 3406 1252 3495 jacent,
1276 3418 1365 3473 vasta

271 3530 346 3595 sint.
396 3525 458 3589 Jus
480 3523 512 3586 in
539 3519 657 3585 viribus
681 3514 808 3592 habent,
840 3511 919 3576 adeo
940 3518 977 3574 ut
1002 3532 1041 3574 ne
1065 3508 1218 3574 latrocinii
1240 3509 1365 3593 quidem

274 3628 411 3715 pudeat;
436 3631 560 3689 tanturn
577 3616 752 3704 hospitibus
771 3613 855 3687 boni,
870 3611 1021 3695 mitesque
1041 3608 1251 3695 supplicibus:
1276 3608 1362 3672 victu

273 3731 318 3794 ita
347 3725 447 3813 asperi
477 3720 656 3804 incultique,
685 3723 721 3780 ut
750 3711 848 3778 cruda
871 3711 967 3776 etiam
992 3731 1086 3774 earne
1109 3717 1283 3784 vescantur,
1309 3714 1366 3771 aut

272 3829 400 3906 recenti,
435 3832 490 3890 aut
524 3843 596 3885 oum
625 3818 778 3903 rigentem
819 3812 850 3875 in
882 3811 957 3897 ipsis
987 3810 1142 3896 pecudum
1171 3808 1367 3892 ferarumque

272 3929 375 4006 coriis,
406 3924 550 3990 manibus
581 3918 771 4005 pedibusque
803 3911 985 3997 subigendo,
1018 3916 1217 3975 renovarunt.
1268 3908 1367 3973 Terra

274 4030 342 4116 ipsa
367 4025 474 4092 multis
495 4020 647 4107 impedite
667 4013 856 4090 fluminibus,
878 4011 987 4078 multis
1009 4010 1169 4075 montibus
1190 4031 1310 4095 aspera,
1334 4016 1367 4074 et

274 4151 390 4216 magna
403 4149 443 4191 ex
461 4130 550 4211 parte
565 4119 651 4186 silvis
672 4139 709 4181 ac
731 4112 896 4200 paludibus
912 4111 1006 4177 invia.
1060 4110 1227 4187 Paludum‚
1247 4108 1367 4186 Suesia,

276 4230 377 4304 Estia,
394 4235 426 4292 et
443 4223 641 4307 Melsiagum,
657 4214 817 4282 maxima:
841 4212 1000 4291 silvarum,
1017 4210 1189 4297 Hercynia,
1206 4219 1238 4275 et
1252 4210 1370 4294 aliquot

276 4338 360 4406 sunt,
377 4350 447 4413 quae
465 4345 577 4389 nomen
592 4320 728 4385 habent:
754 4312 810 4379 sed
839 4312 893 4378 illa
914 4312 1036 4378 dierum
1059 4312 1224 4397 sexaginta
1238 4311 1299 4376 iter
1320 4333 1370 4375 oc-
1394 4322 1398 4337 ’

275 4453 401 4518 cupans,
432 4435 468 4492 ut
498 4422 597 4509 major
625 4419 704 4495 aliis,
734 4416 781 4480 ita
811 4421 843 4479 et
872 4414 984 4479 notior.
1038 4412 1198 4478 Montium
1228 4410 1371 4477 altissimi
