3202 5076
599 446 889 503 inconsonam.
1166 431 1295 500 lxxxiii

201 606 302 672 locum
325 607 418 673 Remi
445 615 676 686 successeraot3
704 628 780 689 quos
809 605 892 688 quod
918 604 1081 688 adaquare
1109 609 1194 693 apud
1224 610 1292 673 (lae-

199 729 300 774 sarem
315 709 418 794 gratia
441 707 680 793 intelligebatur,
706 706 738 785 ii,
763 707 815 788 qni
834 716 961 791 propter
978 713 1098 773 veteres
1116 709 1294 774 inimicitias

199 808 286 874 nnllo
300 809 394 873 modo
419 831 491 874 cum
512 807 632 872 AEduis
653 805 799 894 conjungi
823 813 978 890 poterant,
1000 829 1033 871 se
1053 807 1161 874 Remis
1186 810 1218 874 in
1241 809 1293 874 cli·

199 910 335 975 entelam
364 909 522 974 dicabant.
583 906 655 973 Hos
675 906 720 972 illi
750 906 918 991 diligenter
945 906 1124 973 tuebantur.
1185 909 1238 975 Ita
1260 919 1291 975 et

64 1029 74 1043 ·
196 1031 311 1074 novam
328 1017 360 1075 et
376 1016 503 1096 repente
524 1008 685 1073 collectam
709 1008 928 1072 auctoritatem
953 1007 1113 1073 tenebant.
1158 1009 1208 1075 Eo
1223 1019 1290 1075 tum

196 1117 283 1175 statu
298 1132 347 1176 res
361 1119 439 1188 erat,
455 1118 492 1174 ut
507 1110 597 1196 longe
617 1108 771 1194 principes
785 1107 974 1173 haberentur
989 1108 1104 1186 AEdui,
1119 1109 1289 1176 secundum

195 1208 298 1275 locum
313 1210 477 1297 dignitatis
491 1210 583 1275 Remi
597 1208 783 1274 obtinerent.

242 1309 347 1376 XIII.
371 1312 410 1375 ln
436 1311 521 1376 omni
551 1309 655 1375 Gallia
679 1331 785 1374 eorum
807 1307 978 1383 bominum,
1009 1308 1062 1392 qui
1085 1309 1190 1394 aliquo
1215 1319 1288 1376 sunt

196 1432 325 1476 numero
346 1420 441 1497 atque
461 1411 588 1489 bonore,
617 1432 732 1497 genera
756 1417 830 1475 sunt
863 1407 945 1472 duo:
970 1431 1043 1473 uam
1066 1410 1172 1494 plebes
1201 1434 1288 1495 paone

196 1532 355 1578 servorum
384 1512 518 1577 babetur
544 1511 621 1589 loco,
654 1533 724 1595 quae
756 1532 812 1594 per
840 1530 873 1574 se
905 1508 982 1574 nibil
1015 1509 1111 1574 audet
1141 1518 1173 1575 et
1202 1512 1288 1576 nullo

79 1674 81 1681 .
195 1610 364 1678 adhibetur
393 1612 531 1678 oonsilio.
594 1611 749 1696 Plerique,
781 1632 878 1694 quum
908 1619 964 1674 aut
997 1632 1059 1674 aere
1090 1610 1200 1689 alieno,
1232 1620 1288 1677 aut

194 1713 410 1798 magnitudine
427 1713 624 1791 tributorum,
650 1720 705 1777 aut
726 1709 838 1796 injuria
860 1710 1070 1796 potentiorum
1096 1721 1285 1796 prementur,

195 1813 309 1878 sesain
324 1814 507 1878 servitutem
528 1813 635 1879 dicant
656 1811 820 1888 nobilibus,
838 1810 870 1874 in
892 1811 949 1876 hos
971 1811 1081 1875 eadem
1095 1813 1200 1877 omnia
1214 1822 1287 1878 sunt

188 1908 274 1999 jura,
296 1935 364 1996 quse
388 1912 520 1978 dominis
546 1913 578 1978 in
602 1935 715 1978 servos.
760 1911 824 1977 Sed
848 1910 887 1974 de
909 1911 958 1976 bis
981 1911 1103 1976 duobus
1123 1913 1288 1997 generibus

191 2011 327 2077 alterum
356 2020 404 2078 est
433 2011 599 2089 Druidum,
622 2014 755 2077 alterum
779 2011 929 2095 equitum.
976 2011 1028 2076 Illi
1056 2011 1149 2077 rebus
1175 2014 1288 2079 divinis

193 2111 360 2191 intersunt,
382 2110 533 2177 sacrificia
553 2111 678 2197 publica
706 2134 743 2177 ac
764 2111 887 2196 privata
915 2120 1094 2195 procurant,
1123 2112 1287 2199 religiones

192 2211 449 2299 interpretantur.
508 2212 563 2276 Ad
597 2212 656 2277 hos
691 2233 823 2298 magnus
858 2209 1100 2276 adolescentium
1139 2236 1286 2280 numerus

193 2310 363 2399 disciplina
393 2335 503 2380 caussa
541 2311 708 2389 concurrit,
747 2332 921 2397 magnoque
952 2311 975 2375 ii
1011 2320 1084 2377 sunt
1116 2313 1201 2398 apud
1233 2338 1286 2381 eos

194 2412 319 2479 bonore.
365 2413 448 2479 Nam
479 2413 543 2478 fere
573 2413 612 2478 de
644 2411 788 2477 omnibus
816 2411 1032 2477 controversiis
1063 2412 1194 2497 publicis
1222 2416 1286 2500 pri·

193 2512 334 2598 vatisque
357 2514 573 2587 constituunt;
598 2523 640 2589 et,
667 2514 693 2579 si
719 2511 802 2597 quod
831 2520 878 2576 est
906 2509 1075 2577 admissum
1100 2513 1229 2591 facinus,
1259 2517 1284 2579 si

193 2613 293 2680 cades
306 2614 445 2692 factasi
470 2614 509 2679 de
532 2614 769 2693 hereditatesi
793 2612 833 2676 de
857 2609 970 2676 finibus
993 2612 1202 2677 controversia
1227 2622 1284 2687 est,

189 2712 284 2780 iidem
308 2714 499 2787 decernam
524 2714 654 2799 praemia
676 2735 841 2800 poenasque
863 2711 1083 2777 constituunt:
1108 2712 1133 2777 si
1151 2714 1203 2796 qni
1227 2724 1284 2779 aut

189 2814 330 2899 privatus
357 2823 414 2880 aut
442 2815 584 2900 publicus
613 2837 720 2879 eorum
748 2814 874 2879 decreto
904 2834 966 2876 nou
996 2813 1096 2889 stetit,
1126 2811 1284 2879 sacrificiis

188 2915 388 2982 interdicunt.
434 2916 514 2980 Hae
544 2938 634 3003 poena
658 2915 742 3001 apud
771 2936 824 2979 eos
851 2920 899 2978 est
926 2913 1117 2999 gravissima.
1163 2913 1283 2996 Quibus

189 3014 235 3080 ita
262 3024 311 3082 est
341 3016 553 3097 interdictum,
585 3017 608 3081 ii
636 3037 765 3080 numero
798 3014 964 3098 impiomm
995 3036 1033 3078 ac
1062 3013 1282 3079 sceleratorum

187 3114 363 3192 habentur,
390 3117 429 3182 iis
449 3139 556 3183 omues
581 3115 748 3193 decedunt,
773 3114 896 3179 aditum
919 3136 1025 3179 eorum
1049 3137 1281 3199 sermonemque

186 3214 360 3302 defugiunt,
375 3239 414 3281 ne
429 3217 505 3301 quid
520 3239 560 3281 ex
577 3216 760 3303 contagione
776 3214 963 3280 incommodi
981 3215 1157 3301 accipiant:
1182 3237 1281 3299 neque
1327 3218 1333 3235 '

186 3314 225 3381 iis
240 3317 418 3401 petentibus
432 3315 488 3404 jus
502 3316 653 3390 redditur,
675 3339 774 3400 neque
795 3317 892 3380 honos
914 3315 995 3380 ullus
1022 3315 1279 3381 communicatur.

189 3413 253 3481 His
276 3423 383 3482 autem
407 3417 551 3483 omnibus
576 3415 748 3482 Druidibus
779 3422 891 3501 praeest
920 3437 1009 3491 unus,
1043 3415 1095 3499 qui
1124 3438 1280 3481 summam

185 3515 268 3581 inter
282 3540 334 3583 eos
348 3517 443 3583 habet
458 3517 689 3583 auctoritatem.
734 3515 806 3581 Hoc
821 3525 953 3593 mortuo,
970 3515 1064 3600 siqui
1086 3538 1126 3580 ex
1154 3517 1279 3600 reliquis

188 3617 313 3683 excellit
336 3617 490 3703 dignitate
504 3617 665 3684 succedit:
689 3626 733 3693 at,
750 3618 775 3682 si
800 3622 873 3682 sunt
900 3616 1003 3701 plures
1020 3639 1118 3701 pares,
1134 3616 1279 3703 suffragio

186 3715 342 3782 Druidum
370 3719 535 3804 adlegitur,
561 3739 792 3801 nonnumquam
812 3716 908 3780 etiam
933 3715 1028 3781 armis
1043 3716 1082 3780 de
1103 3716 1277 3801 principatu

185 3817 389 3883 contendunt.
435 3819 480 3883 Hi
513 3827 598 3884 certo
627 3819 702 3884 auni
723 3827 862 3902 tempore
887 3816 919 3880 in
949 3815 1062 3882 finibus
1091 3816 1276 3895 Carnutum,

183 3939 255 4000 quae
285 3920 370 4005 regio
401 3919 499 3987 totius
525 3919 634 3984 Galliae
659 3918 764 3983 media
790 3916 932 3994 habetur,
959 3916 1124 3981 considunt
1153 3917 1185 3981 in
1211 3917 1278 3981 loco

183 4027 373 4086 consecrato.
420 4018 494 4085 Huc
518 4042 625 4086 omnes
652 4018 798 4103 undique,
822 4018 875 4102 qui
900 4016 1123 4083 controversias
1148 4017 1276 4096 habent,

183 4119 370 4184 conveniunt
395 4142 562 4205 eorumque
583 4119 717 4186 decretis
729 4117 916 4205 judiciisque
938 4127 1059 4204 parent.
1105 4116 1278 4203 Disciplina

180 4217 214 4281 in
240 4216 404 4284 Britannia
426 4231 551 4306 reperta
575 4228 668 4305 atque
697 4220 769 4285 inde
801 4221 833 4284 iu
863 4217 999 4284 Galliam
1029 4217 1181 4285 translata
1210 4241 1276 4283 esse

182 4317 402 4385 existimatur:
430 4327 463 4386 et
487 4344 580 4399 nunc,
607 4322 660 4406 qui
687 4320 867 4406 diligentius
899 4342 968 4384 eam
997 4340 1063 4384 rem
1092 4340 1274 4403 cognoscere

180 4418 299 4499 volunt,
316 4421 496 4506 plerumque
513 4423 566 4489 illo
581 4420 718 4487 discendi
736 4443 843 4486 caussa
859 4417 1103 4505 proficiscuntur.
1136 4514 1154 4568 2

1095 4531 1115 4586 9
