3232 5100
617 453 900 510 sornseouaun.
1233 439 1293 535 xxi

204 617 465 693 vasinabroncas,
482 616 617 694 Merene,
637 615 885 694 Mordensimnis,
901 614 997 692 Caris,
1014 614 1125 691 Roeas,
1142 613 1296 692 Tadzaus,

205 717 337 795 Athual,
354 716 493 802 Navego,
511 715 721 801 Bubegentas,
746 716 879 789 Ocldas;
904 723 936 780 et
958 738 1030 781 cum
1051 723 1210 779 tantorum
1232 737 1297 780 ser·

205 818 281 883 vitio
298 840 387 882 carue
402 816 578 893 haberetur,
602 838 664 880 non
690 838 798 900 passus
822 824 870 881 est
897 815 956 881 nisi
982 824 1014 880 et
1039 823 1164 901 gentem
1191 814 1294 880 Heru-

204 918 316 992 lorum‚
334 917 445 1001 quibus
468 923 599 1001 praeerat
615 914 769 994 Alaricus,
795 938 909 1001 magna
928 938 969 980 ex
988 924 1077 1001 parte
1093 915 1292 991 trucidatam,

205 1017 353 1101 reliquam
374 1040 437 1083 sua
455 1016 611 1101 subigeret
625 1014 746 1080 ditioni.
792 1016 874 1080 Nam
890 1015 1038 1101 praedicta
1051 1038 1128 1101 gens
1143 1014 1297 1099 (Ablavio

206 1117 353 1183 historico
366 1117 532 1194 referente)
544 1113 642 1202 juxta
658 1114 826 1181 Maeotidas
847 1115 976 1201 paludes
996 1114 1143 1180 habitans
1164 1116 1196 1180 in
1221 1116 1296 1180 loeis

206 1217 430 1301 stagnantibus,
449 1239 526 1301 quas
543 1214 644 1280 Graeci
663 1214 744 1279 Hele
759 1223 882 1293 vocant,
903 1215 1015 1280 Heruli
1026 1215 1179 1280 nominati
1202 1223 1294 1280 suut:

206 1340 283 1402 gens
304 1325 420 1402 quanto
437 1317 538 1395 velox,
556 1338 593 1380 eo
608 1315 741 1399 amplius
757 1315 985 1401 superbissima.
1037 1315 1132 1380 Nulla
1146 1315 1297 1400 siquidem

204 1426 275 1482 erat
291 1425 366 1482 tune
378 1439 464 1502 gens,
480 1439 548 1499 quae
562 1438 624 1479 nou
642 1416 741 1480 levem
756 1424 949 1480 armaturam
966 1416 998 1479 in
1012 1415 1078 1480 acie
1094 1438 1150 1481 sua
1166 1438 1207 1480 ex
1224 1415 1298 1500 ipsis

207 1518 365 1604 elegerint.
417 1515 480 1581 Sed
495 1515 635 1599 quamvis
651 1514 797 1581 velocitas
810 1537 917 1580 eorum
931 1516 971 1580 ab
993 1515 1061 1580 aliis
1085 1538 1166 1600 saepe
1182 1515 1300 1580 hellan-

210 1618 294 1683 tibus
318 1640 371 1682 eos
393 1624 561 1690 tutaretur,
578 1615 753 1680 Gothorum
777 1626 883 1680 tamen
904 1615 1069 1680 stabilitati
1091 1613 1244 1702 subjacuit
1267 1623 1300 1680 et

209 1717 372 1782 tarditati:
396 1716 531 1800 fecitque
556 1738 650 1780 causa
671 1715 814 1792 fortunae,
837 1724 873 1780 ut
904 1723 936 1779 et
964 1716 1021 1800 ipsi
1057 1715 1139 1780 inter
1167 1716 1299 1800 reliquas

207 1825 316 1903 gentes
330 1815 481 1882 Getarum
496 1816 561 1900 regi
577 1815 782 1880 Hermanrico
794 1816 966 1881 servierint.
1012 1815 1090 1894 Post
1111 1815 1301 1880 Hernlorum

140 1936 147 1950 ·
210 1917 328 1982 caedam
351 1917 433 1982 idem
458 1914 681 1980 Hermanrieus
703 1916 734 1979 in
757 1915 898 1981 Venetos
918 1938 1006 1980 arma
1027 1915 1213 1992 commovit3
1248 1915 1302 2000 qui

210 2017 351 2101 quamvis
376 2016 470 2081 armis
496 2015 650 2101 desperiti,
679 2015 734 2080 sed
761 2015 984 2081 numerositate
1012 2015 1172 2101 pollentes,
1202 2015 1302 2102 primo

209 2118 352 2181 resistere
369 2116 570 2182 conabantur.
616 2114 680 2178 Sed
696 2115 772 2179 nihil
787 2116 870 2180 valet
887 2115 1055 2181 multitudo
1070 2116 1102 2180 in
1118 2115 1208 2191 hello,
1224 2138 1301 2201 prae·

211 2217 319 2282 sertim
343 2216 398 2282 ubi
421 2225 454 2281 et
481 2215 568 2280 Deus
593 2215 758 2301 permittit,
780 2223 813 2280 et
839 2215 1007 2280 multitudo
1030 2215 1158 2280 fortium
1180 2223 1302 2280 amata

210 2317 381 2382 advenerit.
433 2315 515 2381 Nam
532 2315 575 2394 hi,
590 2322 627 2380 ut
642 2314 731 2379 initio
746 2315 957 2400 expositionis,
973 2315 1022 2379 vel
1037 2315 1178 2400 catalogo
1200 2316 1302 2401 gentis

211 2417 313 2482 dicere
335 2417 490 2502 coepim'us,
509 2416 549 2480 ab
571 2437 635 2481 uua
655 2416 750 2501 stirpe
767 2415 868 2480 exorti
884 2414 946 2480 tria
960 2437 1041 2479 nuuc
1058 2414 1184 2478 nomina
1198 2415 1302 2480 reddi-

212 2518 294 2594 dere,
313 2516 407 2582 idest
423 2517 550 2595 Veneti,
566 2517 677 2593 Antea,
697 2513 817 2580 Sclavi:
842 2513 894 2600 qiu
909 2514 1050 2599 quamvis
1061 2536 1144 2578 uunc
1158 2514 1204 2579 ita
1226 2514 1302 2579 faci-

210 2619 335 2683 entibus
349 2616 484 2702 peccatis
500 2616 614 2681 nostris
634 2614 746 2700 ubique
769 2615 953 2691 desaeviunt,
971 2624 1076 2679 tamen
1098 2622 1174 2679 tunc
1195 2636 1302 2680 omues

213 2716 410 2782 Hermanrici
433 2715 569 2802 imperiis
594 2716 735 2781 serviere.
800 2715 982 2781 Haestorum
1010 2736 1130 2800 qnoque
1159 2714 1301 2779 similiter

211 2820 376 2894 nationem,
393 2817 444 2901 qui
468 2816 678 2902 longissimam
700 2816 799 2902 ripam
822 2814 938 2881 Oceani
961 2814 1137 2879 Germanioi
1155 2814 1300 2893 insident,

212 2918 295 2982 idem
319 2917 385 3003 ipse
409 2917 575 3003 prudentia
590 2916 704 2981 virtute
727 2917 861 3002 subegit,
883 2916 1085 3000 omnibusque
1106 2914 1244 3001 Scythia
1269 2923 1303 2979 et

215 3017 388 3082 Germania
406 3017 592 3092 nationibus,
609 3016 673 3083 ansi
688 3016 820 3102 propriis
834 3015 1002 3094 laboribus,
1017 3015 1193 3101 imperavit.

260 3118 336 3184 Post
350 3127 456 3183 autem
472 3140 533 3183 non
548 3118 631 3202 longi
647 3117 795 3203 temporis
816 3116 1024 3193 intervallum,
1047 3123 1083 3180 ut
1104 3116 1199 3180 refert
1221 3114 1299 3180 Oro-

215 3217 287 3292 sius,
319 3218 508 3284 Hunnorum
534 3240 611 3303 gens
642 3216 725 3281 omui
756 3217 918 3282 ferocitate
947 3214 1080 3281 atrocior
1113 3215 1230 3280 exarsit
1265 3215 1299 3279 in

216 3318 354 3382 Gothos:
379 3341 490 3403 eosque
515 3318 567 3402 qui
591 3318 676 3403 prius
698 3316 803 3383 timori
827 3324 916 3381 erant
935 3316 1055 3381 caeteris
1078 3316 1233 3401 gentibus,
1258 3314 1300 3379 ab

215 3417 351 3501 antiquis
363 3420 545 3482 conterritos
560 3416 678 3503 pepulit
692 3417 826 3483 sedibus.
880 3417 962 3481 Nam
980 3416 1046 3493 hos,
1063 3427 1098 3480 nt
1112 3416 1206 3480 refert
1220 3416 1300 3480 auti·

214 3517 327 3602 quitas,
343 3518 389 3582 ita
413 3517 553 3582 extitisse
578 3518 792 3602 comperimus.
844 3517 973 3583 Filimer
989 3538 1046 3581 rex
1069 3515 1254 3595 Gothorum,
1270 3527 1302 3580 et

216 3617 383 3683 Gandariei
408 3618 512 3702 magni
537 3614 628 3690 filius,
654 3625 724 3702 post
747 3640 904 3703 egressum
930 3616 1067 3682 Scantia
1098 3616 1205 3682 insula
1232 3613 1247 3702 j

215 3717 323 3802 quinto
345 3718 412 3782 loco
438 3727 546 3782 teneus
570 3716 778 3802 principatum
802 3717 965 3793 Getarum,
980 3718 1033 3802 qui
1060 3726 1092 3781 et
1107 3726 1206 3782 terras
1223 3714 1302 3802 Scy·

214 3817 314 3883 thicas
342 3840 412 3883 cum
440 3840 497 3883 sua
522 3823 615 3901 gente
643 3817 811 3895 introisset,
835 3818 916 3883 sicut
940 3841 961 3882 a
985 3818 1073 3882 nobis
1100 3818 1301 3890 dictumest,

216 3918 350 4003 repperit
365 3919 397 3982 iu
411 3917 525 4005 populo
547 3940 603 3982 suo
625 3916 775 4000 quasdam
797 3940 905 4004 magas
925 3918 1078 3996 mulieres,
1101 3940 1177 4002 quas
1201 3915 1302 4003 patrio
1334 3994 1344 4013 ο

214 4040 353 4083 sermone
377 4019 568 4105 Alyrunrnas
593 4017 620 4082 is
644 4017 709 4102 ipse
737 4019 945 4104 cognominat,
972 4040 1083 4101 easque
1107 4018 1225 4082 habens
1250 4039 1300 4082 su-

213 4126 335 4204 spectas
364 4118 403 4182 de
429 4118 531 4182 medio
558 4117 605 4184 sui
632 4118 806 4203 proturbat,
835 4118 985 4203 longeque
1011 4118 1052 4182 ab
1079 4118 1217 4183 exercitu
1246 4137 1302 4182 suo

213 4218 338 4303 fugatas
358 4218 391 4282 in
413 4218 577 4283 solitudine
595 4218 696 4303 coegit
711 4242 823 4284 errare.
881 4219 967 4300 Quas
981 4219 1136 4284 silvestres
1150 4218 1302 4290 homines,

140 4382 146 4391 ,
216 4341 292 4403 quos
320 4316 349 4381 F
350 4340 448 4383 aunos
475 4317 613 4384 Ficarios
637 4327 760 4398 vocant,
789 4343 846 4406 par
878 4341 1015 4383 eremum
1050 4326 1200 4403 vagantes
1229 4316 1304 4380 dum

217 4418 376 4500 vidissent,
394 4428 427 4484 et
441 4441 547 4485 earum
562 4441 595 4484 se
609 4419 823 4506 complexibus
835 4401 868 4485 in
883 4420 967 4485 coitu
990 4418 1194 4497 miscuissent,
1209 4437 1307 4503 genus
