3232 5100
620 421 901 478 nrrcscounus.
1215 408 1304 477 xxiii

207 585 324 670 arguti,
352 585 489 651 motibus
516 585 665 671 expediti,
694 592 726 649 et
757 585 799 648 ad
826 583 1029 668 equitandum
1059 585 1301 670 promptissimi:

176 702 184 717 ·
207 685 341 770 scapulis
355 686 436 765 latis,
451 694 483 751 et
497 687 539 750 ad
555 708 644 751 arcus
659 685 849 771 sagittasque
864 685 984 769 parati:
1009 681 1106 750 firmis
1123 686 1302 764 crevicibus,

207 793 240 849 et
267 786 411 870 snperbia
441 808 562 872 semper
593 786 698 851 erecti.
754 784 799 850 Hi
826 807 899 851 vero
927 784 984 850 snb
1012 784 1174 850 hominum
1205 782 1305 873 ligura

207 884 318 950 vivunt
339 885 464 951 beluina
484 886 614 952 saevitia.
658 886 750 968 Quod
770 907 869 970 genus
891 884 1166 970 expeditissimum,
1189 887 1303 952 multa-

208 1008 339 1069 rumque
370 987 532 1052 nationnm
555 986 786 1072 grassatorium,
811 985 902 1050 Getae
927 993 963 1049 ut
988 985 1143 1065 viderunt,
1168 1009 1303 1072 expave-

208 1094 320 1151 scunt:
344 1109 460 1171 suoque
484 1110 555 1153 cum
581 1109 654 1173 rege
682 1086 857 1161 diliberant,
885 1086 1017 1169 qualiter
1038 1108 1071 1151 se
1093 1108 1115 1150 a
1137 1087 1193 1152 tali
1213 1087 1303 1153 hoste

208 1186 393 1251 subducant.
438 1186 520 1253 Nam
539 1187 763 1252 Hermanricus
777 1208 834 1250 rex
850 1184 1035 1263 Gothorum,
1051 1185 1124 1251 licet
1140 1187 1191 1270 (ut
1213 1208 1302 1273 supe·

208 1286 275 1351 rius
298 1287 474 1373 retulimus)
500 1287 671 1353 multarum
693 1286 833 1373 gentium
857 1285 998 1351 extiterit
1020 1285 1238 1373 triumphator,
1263 1287 1302 1353 de

212 1384 402 1453 Hunnorum
427 1398 532 1454 tamen
558 1389 696 1453 adventu
722 1386 798 1452 dum
822 1386 951 1471 cogitat,
969 1386 1202 1452 Roxolanorum
1225 1410 1303 1474 gens

210 1485 316 1566 infida,
332 1510 402 1572 quae
427 1497 504 1554 tunc
529 1489 611 1555 inter
633 1488 710 1553 alius
737 1487 924 1551 famulatum
950 1486 1129 1561 exhibebat,
1146 1488 1204 1553 tali
1229 1511 1302 1553 enm

209 1587 398 1653 nanciscitur
409 1590 568 1677 occasione
581 1588 732 1675 decipere.
776 1587 862 1652 Dum
875 1586 958 1651 enim
972 1586 1129 1670 quendam
1142 1588 1303 1653 mulierem

211 1686 339 1753 Sanielh
363 1689 488 1754 nomine
516 1711 556 1754 ex
583 1696 676 1775 geute
699 1694 882 1766 memorata,
900 1709 956 1772 pro
978 1686 1084 1752 mariti
1104 1687 1304 1754 fraudulento

204 1788 359 1867 discessu,
377 1811 433 1853 rex
456 1787 558 1854 furore
580 1796 764 1864 commotus,
787 1787 874 1872 equis
895 1787 1049 1852 ferocibus
1070 1786 1233 1874 illigatam,
1256 1789 1302 1854 in·

210 1883 376 1974 citatisque
398 1890 539 1956 cursibus
559 1913 615 1975 per
631 1889 754 1954 diversa
770 1887 876 1952 divelli
892 1886 1092 1973 praecipisset‚
1109 1889 1222 1954 fratres
1236 1887 1304 1976 ejus

211 1987 308 2054 Serus
329 1997 361 2054 et
375 1989 524 2055 Ammius
546 2012 701 2076 germensi
726 1987 847 2054 obitum
869 1987 1073 2065 vindicantes,
1101 1987 1301 2055 Hermanrici

208 2088 292 2155 latus
312 2088 394 2154 ferro
416 2090 593 2174 petierunt:
618 2111 679 2173 quo
694 2089 820 2154 vulnere
842 2087 974 2164 saucius,
989 2109 1107 2173 aegram
1122 2089 1220 2154 vitam
1235 2113 1301 2155 cor·

209 2188 292 2274 poris
318 2188 532 2255 imbecillitate
558 2189 724 2254 contraxit.
776 2188 878 2269 Quam
904 2186 1068 2252 adversam
1094 2186 1161 2274 ejus
1185 2190 1303 2255 veletu-

209 2288 312 2354 dinem
332 2298 462 2376 captans
478 2289 619 2356 Belemir
631 2312 688 2354 rex
705 2287 905 2365 Hunnorum,
919 2287 951 2351 in
974 2287 1180 2373 Ostrogothus
1203 2290 1302 2355 movit

207 2390 420 2476 procinctum:
445 2413 617 2476 equorum
642 2389 790 2455 societate
806 2385 876 2473 jam
898 2387 1099 2473 Wesegothae
1124 2388 1300 2467 discessere,

209 2513 303 2575 quam
318 2491 438 2557 dudum
452 2491 535 2557 inter
556 2514 588 2557 se
604 2488 710 2576 juncti
731 2488 900 2553 habebant.
947 2486 1035 2551 Inter
1057 2487 1124 2552 haec
1146 2488 1302 2555 Herman-

206 2591 288 2667 ¹ricus
301 2599 368 2657 tam
379 2591 516 2658 vulneris
530 2592 678 2669 dolorem,
692 2611 785 2674 quarn
798 2586 893 2653 etiam
908 2587 1097 2653 incursiones
1112 2587 1300 2655 Hunnorum

207 2714 269 2757 non
299 2693 411 2770 ferens,
437 2692 623 2776 grandevus
652 2699 685 2756 et
713 2690 823 2776 plenus
853 2688 983 2766 dicrum,
1011 2689 1302 2755 centesimodecimo

205 2814 287 2857 anno
314 2794 390 2858 vitoe
418 2814 482 2858 sue
509 2792 675 2857 defunctus
699 2798 759 2856 est.
809 2785 906 2874 Cujus
930 2788 1040 2853 mortis
1066 2789 1186 2853 occasio
1212 2789 1300 2855 dedit

206 2891 334 2959 Hunnis
354 2892 522 2978 prevalere
544 2892 576 2957 in
599 2892 721 2957 Gothos
741 2889 819 2966 illos,
843 2910 919 2973 qnos
948 2888 1127 2954 dixeramus
1158 2890 1300 2955 orientali

206 2993 298 3080 plaga
314 2993 432 3068 sedere,
448 3001 481 3058 et
499 2993 705 3079 Ostrogothus
719 2988 900 3074 nuncupari.

251 3094 453 3181 Wesegothae
468 3093 501 3158 id
516 3100 576 3169 est,
592 3092 647 3157 alii
663 3114 770 3157 eornm
784 3089 869 3167 socii,
892 3096 925 3153 et
946 3087 1067 3153 occidui
1083 3087 1140 3154 soli
1155 3088 1297 3166 cultores,

206 3203 293 3260 metu
321 3203 486 3280 parentum
520 3192 672 3271 exterriti,
704 3190 852 3276 quidnam
878 3188 917 3252 de
946 3211 989 3267 se,
1021 3196 1148 3275 propter
1171 3196 1298 3274 gentem

208 3293 396 3359 Hunnorum
413 3294 630 3369 deliberarent,
643 3292 866 3378 ambigebant:
893 3288 1008 3373 dinque
1023 3289 1207 3374 cogitantes,
1228 3296 1298 3355 tan·

207 3394 280 3459 dem
307 3396 462 3459 communi
488 3393 602 3480 placito
634 3394 753 3478 legatos
783 3391 825 3456 ad
855 3389 1041 3454 Romaniam
1074 3388 1224 3467 direxere,
1255 3389 1297 3454 ed

208 3494 377 3559 Valentem
417 3482 649 3579 Imperatorem,
682 3493 810 3558 fratrem
843 3489 1057 3555 Valentiniani
1095 3488 1298 3575 Imperatoris

206 3594 345 3670 senioris,
370 3603 407 3660 nt
425 3602 546 3680 partem
572 3592 712 3658 Thracia
734 3593 799 3658 sive
818 3590 937 3655 Mesia
962 3590 988 3655 si
1014 3588 1074 3655 illis
1095 3590 1232 3655 traderet
1254 3589 1297 3654 ed

205 3695 379 3773 colendum,
395 3693 462 3782 ejus
476 3693 596 3779 legibus
608 3693 758 3772 viverent,
773 3688 899 3776 ejusque
911 3690 1049 3776 imperiis
1062 3689 1278 3755 subderentur.

247 3795 344 3861 Alter
358 3795 432 3873 this,
450 3796 505 3861 the
520 3792 675 3858 nauative
689 3793 832 3858 becomes
846 3791 990 3877 properly
1006 3790 1175 3870 historicel,
1190 3790 1298 3876 giving

207 3896 261 3962 the
278 3896 399 3985 history
411 3896 448 3962 of
465 3897 520 3962 the
535 3893 637 3959 Goths
650 3893 688 3957 of
706 3894 829 3959 Moesia.
