3232 5100
323 424 397 494 lxiv
596 439 673 495 THE
698 439 879 495 GERMANY
907 442 955 497 OF
979 443 1146 500 seuleus.

318 604 429 688 quibus
458 625 519 683 eos,
552 625 591 668 ne
625 604 705 669 forte
736 604 908 689 periculum
944 604 1126 683 inciderent,
1163 606 1265 671 redire
1298 607 1413 677 noluit.

319 704 458 786 Quorum
485 703 639 770 adventus
658 727 783 770 causam
811 705 980 789 imperator
1006 705 1184 791 diligentius
1207 705 1411 792 investigans,

318 806 468 890 comperit
491 827 537 869 coc
559 806 657 891 geretis
680 827 738 870 esec
764 807 924 884 Sucooum,
953 806 1165 890 exploratores
1190 807 1294 892 potios
1321 809 1410 894 regni

316 905 399 970 illius
408 904 565 989 nostrique
580 928 673 989 quam
687 904 832 970 amicitia
848 906 997 990 petitores
1011 915 1107 984 ratus,
1119 929 1213 991 penes
1225 929 1258 971 se
1273 930 1411 993 eousque

317 1005 496 1071 retinendos
520 1005 685 1090 judicarit,
710 1005 794 1090 quod
821 1005 971 1070 veraciter
998 1006 1136 1071 invenire
1159 1015 1273 1092 posset,
1300 1016 1410 1073 utrum

318 1103 450 1170 fideliter
463 1128 500 1170 eo
515 1127 611 1170 neone
626 1106 822 1193 pervenerint
835 1130 844 1179 3
862 1105 954 1190 idque
966 1105 1139 1191 Theophilo
1152 1129 1207 1193 per
1218 1118 1411 1174 memoratos

317 1205 437 1292 legatos
458 1228 529 1272 suos
551 1215 645 1291 atque
667 1206 831 1292 epistolam
854 1206 998 1270 intimare
1021 1229 1082 1270 non
1108 1206 1239 1284 distulit,
1263 1222 1296 1273 et
1322 1208 1410 1293 quod

316 1329 368 1372 eos
382 1308 465 1372 illius
479 1329 584 1372 amore
606 1306 738 1372 libenter
753 1306 932 1391 susceperit,
951 1329 989 1371 ac
1011 1307 1037 1371 si
1061 1304 1166 1371 fideles
1181 1306 1407 1386 invenirentur,

315 1415 349 1471 et
382 1408 515 1474 facultas
545 1407 661 1491 absque
693 1406 816 1471 illorum
847 1405 982 1491 periculo
1012 1407 1044 1470 in
1076 1407 1210 1491 patriam
1244 1409 1407 1473 remeandi

316 1507 452 1585 daretur,
476 1529 547 1573 cum
568 1506 685 1571 auxilio
706 1504 931 1581 remittendos,
956 1507 1003 1571 sin
1028 1506 1114 1584 alias,
1131 1529 1194 1571 nna
1215 1530 1285 1573 cum
1305 1510 1408 1574 missis

314 1609 428 1673 nostris
450 1607 492 1672 ed
514 1605 580 1693 ejus
602 1607 797 1691 praeentiam
812 1605 998 1690 dirigendos,
1012 1615 1048 1670 ut
1062 1605 1137 1691 quid
1155 1607 1323 1674 dotalibus
1337 1607 1406 1674 fieri

312 1706 450 1784 deberet,
457 1708 522 1792 ipse
530 1706 724 1771 decernendo
734 1704 1287 1773 efficeret.”—Annsl.BerlinPertz
1299 1709 1403 1775 i.434.

357 1807 424 1872 'I'he
445 1806 519 1892 only
533 1806 630 1871 eliade
649 1806 720 1871 that
744 1806 800 1871 hes
815 1807 893 1870 been
908 1807 1030 1871 throwu
1045 1828 1119 1871 over
1141 1807 1204 1874 tlris
1225 1808 1404 1874 conclusion

312 1907 339 1973 ie
363 1907 417 1970 the
432 1915 583 1992 apparent
608 1928 662 1970 nse
676 1906 712 1971 of
732 1910 786 1971 the
810 1906 896 1971 Turk
913 1907 1000 1971 word
1024 1908 1321 1981 Clocmr=Klecor
1345 1909 1403 1974 but

313 2007 413 2072 Zeuss
431 2007 498 2071 well
525 2013 667 2092 suggests
681 2006 752 2072 that
769 2006 873 2072 thisis
898 2029 939 2070 no
955 2006 1043 2071 Turk
1059 2007 1140 2087 title,
1157 2008 1215 2073 but
1232 2010 1286 2074 the
1303 2007 1403 2075 Norsc

315 2129 426 2193 proper
440 2130 531 2172 neme
547 2107 671 2171 Hakoc.

361 2207 447 2285 And,
463 2217 497 2273 to
514 2205 642 2273 confirm
664 2206 706 2271 all
729 2206 800 2285 this,
820 2205 995 2291 Liutpraud
1013 2205 1118 2272 writes
1129 2215 1205 2271 :-“
1219 2208 1305 2273 Gens
1318 2232 1404 2293 qnae-

315 2308 389 2373 dem
420 2317 468 2374 est
496 2308 553 2373 sub
578 2305 730 2391 aquilonis
756 2315 845 2393 parte
867 2307 1046 2383 constituta,
1076 2329 1170 2390 qnam
1203 2330 1223 2372 a
1251 2309 1402 2393 qualitate

316 2409 451 2494 corporis
466 2407 567 2473 Graeci
583 2415 695 2473 vocant
710 2409 832 2485 Bessos,
847 2429 903 2472 nos
925 2429 999 2470 vero
1024 2429 1043 2470 a
1065 2408 1217 2492 positione
1238 2408 1298 2474 Ioci
1313 2432 1401 2475 voce-

316 2531 385 2575 mus
409 2510 638 2574 Nordmcuoos.
694 2507 816 2593 Lingua
841 2508 953 2592 quippe
980 2505 1156 2572 Teutonum
1180 2509 1261 2574 cord
1286 2509 1400 2594 aquilo,

313 2631 388 2674 mare
404 2619 509 2675 autem
524 2630 592 2673 mas
609 2630 663 2673 scu
686 2607 733 2673 vir
757 2606 879 2685 dicitnr,
894 2605 976 2671 unde
998 2614 1030 2671 et
1052 2606 1269 2674 Nordmannos
1282 2610 1403 2694 aquilo-

313 2732 403 2775 nares
426 2711 566 2775 homines
591 2708 693 2773 dicere
718 2730 890 2792 possumus.
937 2704 1042 2793 Hujus
1064 2706 1195 2793 denique
1214 2710 1318 2794 gentis
1344 2732 1401 2775 rex

315 2808 409 2895 Inger
424 2809 573 2876 vocabulo
595 2817 672 2885 erat,
688 2808 739 2892 qui
755 2807 893 2872 collectis
912 2807 996 2871 mille
1018 2814 1050 2871 et
1068 2830 1104 2871 eo
1122 2809 1255 2895 amplius
1270 2810 1402 2876 navibus

314 2908 613 2995 Constantinopolim
628 2907 962 2993 venit—Oompositis
981 2907 1086 2991 itaque
1101 2909 1270 2974 secundum
1285 2907 1400 2995 jussio·

313 3031 384 3074 nem
408 3033 493 3075 suam
526 3008 720 3085 chelandriis‚
750 3007 992 3093 sapientissimos
1025 3008 1057 3072 in
1084 3006 1129 3073 eis
1157 3009 1240 3074 viros
1268 3009 1400 3077 collocat

316 3102 491 3201 (Romanus
507 3100 707 3199 Imperator),
720 3118 814 3193 atque
831 3117 867 3173 ut
884 3107 949 3192 regi
965 3106 1078 3192 Iugero
1092 3118 1265 3186 occurrant,
1282 3110 1400 3175 denun-

314 3209 385 3273 ciat.
437 3209 574 3274 Profecti
603 3209 744 3294 denique,
771 3230 843 3273 cum
870 3208 902 3272 in
934 3207 1043 3293 pelago
1070 3229 1122 3273 eos
1150 3208 1312 3293 impositos
1343 3233 1400 3276 rex

315 3307 409 3394 Inger
429 3309 583 3394 aspicerit,
606 3308 757 3374 exercitui
778 3330 834 3374 suo
856 3306 1011 3393 praecepit,
1029 3316 1065 3372 ut
1080 3307 1163 3372 viros
1186 3308 1255 3374 illos
1277 3321 1403 3395 caperet

313 3417 345 3473 et
362 3430 424 3472 non
436 3408 600 3474 occideret.
645 3408 787 3493 Denique
808 3406 972 3471 miserator
991 3415 1023 3472 et
1047 3407 1219 3474 misericors
1234 3409 1400 3487 Dominus,

312 3508 364 3592 qui
379 3531 412 3574 se
427 3508 571 3585 colentes,
594 3531 627 3574 ee
649 3508 859 3593 deprecantes,
873 3529 907 3572 se
922 3505 1088 3572 adorantes
1102 3529 1164 3572 non
1180 3509 1280 3574 solnm
1297 3519 1401 3596 prote-

311 3631 394 3694 gere,
412 3609 629 3673 verumetiam
645 3607 775 3672 victoria
789 3606 887 3672 voluit
908 3607 1068 3685 honorare,
1087 3608 1188 3673 ventis
1208 3616 1284 3674 tunc
1305 3609 1403 3694 placi·

313 3708 388 3774 dum
405 3707 541 3774 reddidit
556 3730 650 3772 mare.
696 3707 792 3773 Secus
805 3709 888 3772 euim
911 3707 951 3771 ob
973 3707 1053 3793 iguis
1076 3708 1270 3774 emissionem
1283 3708 1402 3776 Grecis

311 3819 379 3874 erat
403 3807 643 3874 incommodum.
691 3808 793 3894 Igitur
815 3808 847 3873 in
863 3807 1034 3873 Ruseorum
1055 3807 1159 3872 medio
1180 3810 1273 3893 positi
1296 3809 1401 3896 iguem

311 3908 510 3974 circumcirca
524 3905 698 3995 projiciunt.
753 3908 844 3991 Quod
860 3907 935 3973 dum
950 3907 1044 3972 Ruesi
1059 3908 1262 3993 conspiciunt,
1278 3932 1296 3974 e
1313 3910 1402 3975 navi·

310 4008 368 4074 bus
383 4009 545 4074 confestim
562 4031 627 4074 sese
649 4009 681 4073 in
704 4031 789 4073 mare
812 4006 977 4094 projiciunt
999 4007 1177 4093 eliguntque
1192 4010 1297 4093 potius
1310 4010 1400 4094 aquis

310 4108 593 4196 submerg1,quam
624 4108 687 4195 igni
717 4108 856 4173 cremari.
907 4108 973 4172 Alii
997 4115 1073 4171 tunc
1103 4106 1207 4174 loricis
1238 4119 1270 4174 et
1303 4110 1401 4196 galeis

309 4209 439 4289 onerati,
471 4231 628 4294 nunquam
654 4209 748 4275 visuri
779 4210 842 4273 ime
870 4208 971 4294 pelagi
1001 4216 1123 4294 petunt,
1155 4208 1294 4274 nonnulli
1327 4232 1399 4275 vero

308 4318 453 4376 natantes
476 4310 559 4375 inter
583 4310 665 4396 ipsos
685 4310 779 4375 maris
794 4306 907 4374 fluctus
932 4316 1072 4385 uruntur,
1090 4308 1252 4393 nullusque
1273 4309 1323 4373 dio
1345 4308 1399 4374 illa

307 4410 416 4489 evasit,
444 4410 497 4495 qui
522 4410 598 4496 fuga
622 4432 687 4477 sese
715 4409 756 4475 ad
785 4418 900 4475 terram
931 4431 992 4472 non
1020 4405 1175 4473 liberavit.
1223 4408 1396 4475 Ruseorum
