3232 5100
518 455 637 512 rores
659 454 712 511 or
738 452 898 511 sscrrors
922 452 1008 511 ην.
1243 434 1314 510 175

216 600 329 669 “Oircs
351 608 411 668 baec
434 606 657 668 litora—ierunt
677 625 738 665 mse
754 606 920 678 Amazonas,
940 605 1016 683 quod
1037 624 1114 666 nunc
1133 616 1211 666 terra
1229 606 1315 682 semi-

214 728 321 766 aarum
342 706 458 780 dicitur,
478 724 550 783 ques
569 723 653 782 squae
673 712 760 783 gustu
780 700 871 782 aliqui
892 704 994 763 dicunt
1013 704 1167 784 concipere
1189 747 1197 763 .
1218 747 1227 763 .
1249 702 1313 768 Hes,

215 803 304 862 simul
313 803 444 862 virentes
454 809 593 881 spernunt
606 802 747 861 consortia
760 801 896 874 virorum,
906 820 978 879 quos
991 800 1121 872 etiamsi
1138 800 1313 861 advenerint

216 920 235 960 s
247 920 277 959 se
288 900 412 960 viriliter
424 898 667 978 repellunt.’‘—G.
680 900 750 958 228.

260 996 381 1057 Poenino
400 999 573 1057 dominatur.
583 1030 624 1041 —
634 995 710 1056 'Phat
723 1016 741 1056 a
753 994 854 1055 female
872 993 975 1054 should
994 996 1117 1055 exercise
1130 995 1207 1074 regal
1221 1014 1315 1074 power

218 1114 275 1154 was
294 1095 520 1171 extraordinsry,
539 1102 590 1153 not
610 1115 641 1154 so
660 1093 747 1153 much
768 1093 799 1151 in
819 1091 870 1152 the
891 1111 956 1170 eyes
980 1093 1013 1152 oi
1030 1092 1147 1153 Tacitus
1169 1092 1253 1165 (wbo,
1281 1093 1312 1152 in

219 1190 269 1251 the
288 1211 351 1251 case
371 1191 403 1250 oi
420 1190 469 1251 the
489 1191 599 1251 British
620 1190 767 1263 Boadima,
783 1189 948 1249 mentioned
968 1190 1007 1267 by
1019 1189 1083 1248 him
1104 1191 1136 1249 in
1157 1189 1207 1249 the
1228 1190 1315 1269 Agri·

219 1289 289 1362 colu
317 1289 423 1368 merely
445 1289 582 1360 remarks,
613 1308 700 1364 osque
728 1289 803 1347 mors
823 1307 918 1346 aarum
936 1288 971 1346 io
997 1288 1124 1363 imperiis
1146 1289 1315 1360 discernunt,

220 1384 343 1445 without
356 1405 413 1462 any
426 1386 589 1464 suggestion
607 1386 640 1445 oi
651 1386 699 1445 tbe
713 1391 814 1445 extent
828 1392 857 1443 to
871 1382 965 1443 which
985 1384 1010 1443 it
1030 1385 1055 1443 is
1074 1383 1124 1443 the
1141 1403 1268 1444 measure
1285 1384 1318 1444 of

219 1502 237 1541 s
258 1483 359 1542 servile
380 1489 490 1561 temper
502 1503 539 1542 on
562 1482 612 1543 the
634 1489 701 1563 part
724 1482 757 1541 oi
774 1481 824 1541 the
848 1479 969 1560 nation),
990 1482 1043 1540 but
1062 1481 1095 1540 in
1116 1480 1195 1540 those
1216 1481 1248 1539 oi
1266 1480 1315 1541 the

221 1575 358 1635 Germcns
378 1575 441 1636 who
459 1596 531 1635 were
551 1575 600 1635 the
627 1575 690 1635 first
718 1574 887 1634 informante
912 1573 1001 1633 about
1022 1573 1072 1633 the
1103 1573 1222 1633 Sitones
1278 1573 1315 1633 So

220 1674 299 1751 early
319 1693 375 1733 was
393 1673 445 1775 the
465 1674 549 1752 spirit
567 1672 660 1733 which
680 1672 807 1733 dictated
827 1671 876 1731 the
897 1670 973 1732 Sslic
992 1672 1047 1732 law
1065 1672 1096 1732 in
1116 1671 1200 1732 force.

273 2165 415 2241 XLVI.
441 2165 691 2249 Peucinorum,
709 2165 1023 2260 Venedorumque,
1043 2177 1081 2240 et
1108 2167 1310 2241 Fennorum

223 2286 386 2358 nationes
420 2283 608 2356 Germanis
641 2307 687 2355 an
727 2282 899 2356 Sarmatis
932 2285 1128 2356 adscribam
1163 2287 1311 2358 dubito:

224 2426 438 2497 quamquam
460 2401 618 2485 Peucini,
646 2423 733 2494 quos
763 2402 907 2494 quidam
939 2400 1145 2473 Bastarnas¹
1175 2413 1313 2488 vocant,

225 2543 398 2603 sermone,
416 2519 526 2602 cultu,
544 2519 637 2603 sede,
653 2541 695 2590 ac
712 2518 908 2603 domiciliis,
926 2527 968 2589 ut
985 2516 1155 2590 Germani
1181 2531 1312 2613 agunt:

225 2638 345 2709 sordes
368 2637 527 2708 omnium
549 2659 591 2707 ac
606 2644 748 2729 torpor:
773 2657 960 2728 procerum
977 2635 1164 2706 connubiis
1181 2638 1313 2721 mixtis,

226 2753 388 2825 nonnihil
411 2754 449 2823 in
467 2751 708 2824 Sarmatarum
731 2751 893 2822 habitum
912 2751 1099 2823 foedentur.
1151 2752 1314 2826 Venedi²

226 2871 380 2942 multum
400 2893 447 2941 ex
473 2868 630 2940 moribus
651 2877 847 2939 traxerunt.
899 2867 997 2940 Nam
1019 2869 1192 2962 quidquid
1220 2870 1316 2941 inter

227 2986 401 3059 Peucinos
431 2985 660 3079 Fennosque³
686 2985 854 3056 silvarum
882 3008 924 3056 ac
954 2987 1131 3056 montium
1157 2987 1314 3082 erigitur,

227 3103 421 3176 latrociniis
441 3110 634 3197 pererrant.
686 3100 738 3171 Hi
762 3110 883 3172 tamen
905 3102 1001 3173 inter
1027 3100 1224 3174 Germanos
1253 3127 1317 3198 po·

228 3221 302 3293 tius
334 3221 544 3306 referuntur,
571 3220 655 3312 quia
680 3227 718 3289 et
744 3219 867 3289 domos
892 3219 1042 3313 fingunt,
1068 3230 1106 3291 et
1131 3230 1232 3291 scuta
1255 3244 1317 3316 ge·

227 3345 334 3419 stant,
369 3347 406 3407 et
439 3337 571 3430 pedum
609 3359 676 3407 usu
710 3358 752 3406 ac
785 3335 998 3428 pernicitate
1023 3337 1204 3430 gaudent3
1239 3362 1317 3431 quae

229 3454 349 3526 omnia
370 3453 507 3524 diversa
528 3451 700 3524 Sarmatis
725 3463 818 3535 sunt,
836 3452 874 3522 in
895 3451 1053 3545 plaustro
1078 3476 1241 3547 equoque
1265 3456 1318 3526 vi-

229 3569 405 3643 ventibus.
452 3566 582 3639 Fennis
607 3570 697 3640 mire
722 3569 854 3651 feritas,
881 3568 977 3641 foeda
1002 3580 1213 3663 paupertas:
1246 3595 1319 3642 non

228 3710 335 3769 arma,
363 3709 435 3756 non
465 3685 557 3778 equi,
587 3707 660 3754 non
684 3694 853 3777 penates:
883 3686 994 3757 victui
1021 3686 1141 3771 herba,
1171 3689 1317 3760 vestitui

228 3803 361 3897 pelles:
383 3802 501 3874 cubile
519 3801 666 3872 humus:
689 3800 763 3872 sola
779 3801 816 3871 in
835 3803 973 3896 sagittis
990 3826 1079 3896 spes,
1097 3827 1184 3897 quas
1200 3803 1320 3898 inopiis

230 3921 325 4004 ferri,
353 3920 489 3991 ossibus
524 3926 698 4010 asperent.
750 3915 923 4011 Idemque
955 3931 1105 3992 venatus
1135 3921 1228 3993 viros
1259 3945 1320 4015 pa-

229 4037 318 4108 riter
339 4060 381 4108 ac
399 4037 549 4107 feminas
573 4034 649 4106 alit.
701 4031 838 4105 Passim
865 4037 961 4106 enim
987 4038 1217 4121 comitantur,
1239 4061 1319 4132 par·

230 4161 377 4246 temque
401 4153 525 4246 prades
541 4160 680 4245 petunt.
734 4150 815 4223 Nec
832 4152 930 4224 aliud
952 4153 1147 4226 infantibus
1169 4155 1321 4227 ferarum

228 4269 469 4361 imbriumque
500 4268 704 4363 suffugium,
732 4268 840 4362 quim
866 4271 972 4340 utin
998 4270 1117 4364 aliquo
1144 4294 1322 4344 ramorum

230 4411 327 4459 nexu
354 4393 615 4479 contegantur:
643 4385 713 4456 huo
742 4386 894 4457 redeunt
915 4387 1077 4478 juvenes,
1099 4388 1168 4459 hoc
1198 4411 1323 4460 senum
