3202 5076
645 424 939 481 ruonueonnun.
1242 406 1344 477 lxxiii

630 610 700 655 GAES.
716 610 802 652 BELL·
817 610 904 652 aaut.
923 609 958 651 11.
1030 648 1033 654 ,

289 715 373 780 XV.
397 713 516 779 Eorum
541 709 618 778 fines
646 711 756 776 Nervii
780 711 1005 797 adtingebant:
1030 730 1161 792 quorum
1177 708 1217 775 de
1231 717 1346 778 natura

244 816 444 901 moribusque
466 814 570 880 Caesar
584 835 680 897 quum
702 819 864 896 quaereret,
885 811 929 876 sie
950 809 1146 896 reperiebat:
1176 811 1344 877 “Nullum

245 916 368 982 aditum
399 938 468 982 esse
489 914 531 978 ad
560 935 613 978 eos
644 912 888 978 mercatoribus:
915 910 993 975 nihil
1021 909 1087 995 pati
1117 910 1181 975 vini
1213 911 1345 997 reliqua

246 1020 377 1101 rumque
401 1038 517 1091 rerum,
542 1013 584 1078 ad
608 1013 767 1077 luxuriam
792 1011 1027 1098 pertinentium,
1052 1009 1168 1090 inferri,
1196 1012 1279 1095 quod
1306 1012 1345 1079 iis
1425 1012 1429 1019 ’

246 1113 338 1182 rebus
354 1116 588 1202 relanguescere
604 1112 725 1178 animos
742 1120 774 1178 et
797 1112 916 1177 remitti
933 1112 1084 1177 rirtmem
1105 1112 1342 1179 existimarent:

247 1239 313 1282 esse
334 1215 475 1281 homiues
496 1215 578 1280 feros
597 1236 779 1299 magnaeque
800 1212 946 1278 virtutis:
970 1210 1156 1296 increpitare
1179 1219 1273 1296 atque
1296 1214 1343 1279 iu-

247 1339 355 1383 cusare
386 1315 521 1401 reliquos
549 1314 673 1399 Belgas,
702 1313 755 1398 qui
786 1335 819 1378 se
845 1312 959 1399 populo
985 1312 1128 1376 Romano
1151 1311 1344 1379 dedidissent

247 1417 440 1503 patriamque
477 1415 626 1481 virtutem
663 1412 883 1500 projecissent:
925 1410 1117 1490 confirmare,
1149 1435 1215 1479 sese
1242 1435 1343 1499 neque

247 1516 367 1603 legatos
395 1517 554 1598 missuros,
585 1537 685 1600 neque
714 1515 812 1580 ullam
841 1512 1052 1579 conditionem
1082 1514 1167 1599 pacis
1196 1522 1342 1600 aceeptu-

247 1617 328 1683 ros.”

626 1762 698 1805 ΜΒ.
713 1762 798 1804 aaut..
813 1762 902 1804 aaut.
918 1762 963 1806 tv.

248 1882 264 1929 Γ
299 1891 328 1955 Ι.
365 1888 425 1967 Ea,
459 1912 534 1973 quae⁴
562 1896 671 1953 secuta
706 1895 764 1965 est,
808 1886 920 1964 hieme,
961 1886 1014 1971 qui
1052 1886 1112 1952 fuit
1146 1910 1247 1954 annus
1283 1887 1341 1959 On.

250 1988 414 2074 Pompeio,
431 1986 479 2052 M.
496 1988 608 2054 Crasso
623 1988 724 2064 coss,
750 1982 899 2072 Usipetes
914 1986 1063 2051 Germani
1080 1996 1112 2053 et
1129 1988 1205 2054 item
1221 1988 1342 2054 Teuch-

248 2089 333 2155 theri
365 2110 481 2174 magna
517 2111 589 2153 eum
620 2086 821 2152 multitudine
853 2086 1014 2152 homiuum
1050 2085 1166 2153 flumen
1197 2089 1343 2155 Rhenum

248 2190 449 2266 transierunt,
476 2210 539 2252 non
564 2187 655 2273 longe
681 2210 701 2251 a
724 2187 815 2262 mari,
828 2210 889 2271 quo
914 2187 1043 2254 Rhenus
1064 2186 1176 2254 influit.
1223 2188 1343 2257 (laussa

160 2298 168 2323 '
248 2289 431 2355 transeundi
452 2288 525 2363 suit,
549 2287 632 2372 quod
654 2287 695 2352 ab
721 2286 832 2352 Suevis
862 2287 1034 2372 complures
1059 2310 1158 2355 anuos
1189 2290 1343 2376 exagitati

247 2391 329 2456 bello
353 2388 574 2475 premebantur
599 2397 631 2452 et
653 2385 846 2472 agricultura
871 2387 1123 2471 prohibebantur.
1169 2388 1342 2456 Suevorum

217 2510 221 2517 ’
246 2513 323 2576 gens
337 2498 385 2555 est
401 2491 492 2575 longe
506 2488 646 2553 maxima
660 2497 692 2552 et
707 2486 939 2552 bellicosissima
954 2487 1179 2553 Germanorum
1193 2490 1343 2563 omniurn,

249 2589 296 2654 Hi
319 2599 446 2655 centum
471 2612 570 2676 pagos
588 2588 703 2655 habere
721 2586 877 2664 dicuntur,
902 2608 942 2650 ex
967 2587 1079 2671 quibus
1095 2589 1259 2672 quotannis
1281 2589 1343 2656 siu-

247 2690 323 2776 gula
347 2690 448 2755 millia
474 2696 665 2754 armatorum
689 2687 826 2754 bellandi
854 2709 964 2753 caussa
989 2710 1030 2751 ex
1056 2684 1168 2753 finibus
1193 2688 1341 2755 educunt.

248 2790 381 2875 Reliqui,
398 2790 451 2875 qui
465 2790 549 2854 domi
565 2790 745 2864 manserint,
763 2810 796 2854 se
813 2797 907 2872 atque
926 2787 995 2853 illos
1018 2787 1116 2854 alunt.
1169 2788 1215 2853 Hi
1236 2812 1342 2857 rursus

248 2891 280 2956 in
304 2891 405 2956 vicem
424 2912 507 2954 auno
527 2897 598 2975 post
618 2889 649 2953 in
670 2889 765 2953 armis
784 2896 876 2964 sunt;
901 2888 946 2953 illi
968 2887 1052 2953 domi
1073 2896 1244 2955 remanent.
1289 2889 1342 2959 Sio

247 3013 347 3075 neque
378 2990 578 3075 agricultura,
600 3011 658 3054 nec
682 2989 763 3054 ratio
788 2999 882 3073 atque
906 3011 981 3054 usus
1007 2988 1081 3054 belli
1109 2990 1341 3069 intermittitur.

249 3089 312 3155 Sed
329 3090 443 3176 privati
457 3113 495 3155 ac
509 3088 645 3175 separati
660 3089 727 3174 agri
741 3089 826 3175 apud
847 3111 900 3154 eos
922 3088 1000 3154 nihil
1021 3096 1078 3166 est,
1100 3113 1200 3175 neque
1221 3092 1343 3178 longius

247 3213 329 3255 auno
351 3212 510 3255 remanere
532 3212 594 3255 uuo
623 3189 655 3255 in
684 3189 751 3254 loeo
780 3187 937 3254 incolendi
966 3211 1075 3256 caussa
1104 3190 1188 3256 lieet.
1232 3191 1342 3277 Neque

247 3291 381 3356 multum
405 3289 569 3369 frumento,
595 3289 650 3355 sed
673 3290 844 3355 maximam
866 3296 987 3373 partem
1013 3290 1094 3356 lacte
1113 3298 1208 3376 atque
1232 3315 1342 3378 pecore

248 3391 359 3456 vivunt
386 3390 582 3474 multumque
613 3397 687 3455 suut
718 3390 750 3454 iu
778 3389 1016 3459 venationibus:
1044 3414 1112 3476 quae
1141 3414 1191 3457 res
1222 3401 1254 3457 et
1280 3392 1341 3457 eibi

247 3513 371 3577 genere,
390 3498 422 3555 et
439 3489 621 3574 quotidiana
638 3489 872 3568 exercitatione,
888 3498 921 3554 et
944 3490 1088 3556 libertate
1103 3491 1176 3557 vitae
1195 3492 1302 3577 (quod,
1322 3516 1343 3558 a

247 3590 351 3677 pueris
381 3589 467 3654 nullo
496 3588 596 3654 officio
624 3600 680 3655 aut
707 3589 870 3675 disciplina
898 3589 1081 3669 adsuefacti,
1108 3591 1186 3656 nihil
1216 3594 1342 3658 omniuo

247 3701 357 3755 eontra
371 3690 566 3755 voluntatem
584 3690 715 3773 faciant)
738 3697 771 3754 et
787 3689 869 3754 vires
890 3689 957 3769 alit,
979 3699 1011 3756 et
1032 3691 1160 3757 immani
1180 3714 1342 3778 corporum

248 3790 465 3877 magnitudine
479 3790 619 3855 homines
634 3788 738 3855 efficit.
782 3790 889 3874 Atque
906 3790 939 3854 in
956 3813 1025 3856 earu
1040 3813 1073 3856 se
1087 3794 1342 3858 consuetudinem

247 3889 459 3966 adduxeruut,
472 3898 509 3955 ut
521 3890 597 3955 locis
609 3888 827 3977 frigidissimis,
842 3912 942 3975 neque
956 3892 1098 3968 vestitus,
1114 3901 1229 3977 praeter
1244 3894 1342 3980 pellis,

247 3990 384 4057 habeant
411 3990 579 4075 quidquam
604 3991 749 4075 (quarum
774 3998 903 4076 propter
926 3991 1131 4076 exiguitatem
1156 4015 1270 4080 magna
1294 4002 1342 4059 est

247 4092 383 4176 corporis
399 4114 472 4176 pars
486 4092 621 4175 aperta),
636 4099 669 4156 et
683 4089 827 4157 laventur
840 4091 873 4156 iu
890 4088 1078 4158 fluminibus.

291 4189 339 4255 ΙΙ.
363 4191 591 4257 Mercatoribus
606 4200 653 4257 est
667 4191 710 4257 ad
723 4212 776 4257 eos
797 4190 903 4257 aditus
917 4192 1017 4279 magis
1033 4215 1079 4271 eo,
1096 4200 1142 4272 ut,
1167 4217 1235 4278 quae
1260 4192 1342 4259 bello

246 4290 395 4376 ceperint,
411 4292 522 4377 quibus
536 4291 683 4372 vendant,
699 4292 846 4368 habeant,
862 4314 956 4375 quam
973 4315 1033 4377 quo
1054 4292 1150 4358 ullam
1167 4316 1233 4358 rem
1250 4292 1292 4357 ad
1309 4315 1342 4359 se

245 4390 409 4477 importari
436 4391 631 4458 desiderent:
666 4392 740 4477 quin
764 4392 859 4458 etiam
878 4389 1041 4477 jumentis,
1068 4392 1180 4476 quibus
1205 4392 1342 4459 maxime
