3202 5076
286 429 334 475 xx
560 423 636 478 'l'HE
658 423 839 478 GERMANY
867 422 914 477 OF
938 424 1105 480 tacitus,

288 583 609 651 locornm.”-Helm.
624 585 665 649 iv.
699 586 753 651 36.
798 584 880 648 “De
904 585 1048 650 omnibus
1074 607 1195 669 quoque
1217 583 1383 670 provinciis

290 685 454 751 Slavornm
482 685 544 750 illic
568 707 714 770 responsa
732 691 881 770 petuntur
902 694 934 749 et
955 684 1174 750 sacrificiorum
1195 685 1383 750 exhibentur

290 808 401 851 annua
432 787 682 852 solutiones—c.
699 787 730 850 6.
775 783 920 849 “Etiam
945 795 1052 850 nostra
1073 785 1177 851 adhuc
1204 793 1297 850 aetate
1320 807 1384 849 non

290 888 391 952 solum
405 887 600 972 Wagirensis
614 893 707 963 terra,
723 885 778 950 sed
791 894 823 949 et
835 907 942 949 omnes
953 884 1116 950 Slavorum
1128 886 1293 972 provincias
1310 885 1382 949 illuc

291 987 413 1052 tributa
439 988 599 1051 annuatim
632 986 897 1061 transmittebant,
928 985 1014 1050 illum
1046 986 1247 1069 (Zuantevit)
1279 986 1383 1050 Deum

295 1087 433 1152 Deorum
449 1111 514 1153 esse
532 1084 837 1172 profitentes.”—Id.
853 1084 885 1149 ii.
900 1089 952 1150 42.

338 1188 402 1252 For
419 1190 472 1253 the
489 1187 597 1252 Slaves
611 1186 648 1249 of
667 1187 721 1251 the
736 1186 896 1251 continent
911 1186 965 1250 the
984 1186 1143 1272 following
1159 1194 1298 1251 extracta
1312 1187 1384 1271 give

293 1312 331 1353 ns
346 1289 400 1353 the
417 1295 587 1373 occupante
609 1287 646 1351 of
662 1287 717 1351 the
738 1286 849 1350 Lower
870 1286 1039 1362 Oder,-“
1051 1287 1180 1351 Oddora
1201 1308 1330 1371 vergens
1352 1287 1384 1350 iu

294 1389 418 1454 boream
437 1413 491 1475 per
507 1387 624 1452 medios
637 1387 838 1451 Winulorum
852 1388 964 1451 transit
980 1387 1289 1472 populos.''—Adam
1307 1386 1386 1450 Bre-

293 1512 388 1554 mens.
415 1488 501 1553 Hist.
529 1488 614 1552 Eccl.
642 1511 669 1553 e.
695 1489 746 1552 66.
795 1487 926 1551 “Ultra
942 1486 1097 1567 Lenticos,
1119 1489 1171 1573 qui
1186 1488 1246 1552 alio
1263 1488 1387 1551 nomine

296 1589 393 1653 Wilzi
408 1590 562 1671 dicuntur,
577 1588 706 1652 Oddora
718 1586 831 1652 flumen
844 1587 1135 1653 occurrit.''—Ibid.
1174 1588 1279 1653 “Oum
1293 1588 1382 1651 multi

293 1699 366 1754 sunt
403 1689 603 1753 Winulorurn
639 1687 743 1773 populi
772 1687 955 1752 fortitudine
987 1687 1131 1766 celebres,
1163 1689 1219 1753 soli
1249 1697 1384 1773 quatuor

294 1799 377 1866 sunt,
400 1790 452 1874 qni
470 1790 588 1853 abillis
609 1789 715 1865 thzt,
736 1811 755 1853 a
774 1788 863 1853 nobis
882 1811 955 1852 vero
974 1787 1108 1852 Leuticii
1128 1789 1281 1867 dicuntur,
1302 1790 1384 1852 inter

292 1912 370 1973 qnos
386 1891 425 1953 de
439 1890 603 1953 nobilitate
629 1888 828 1973 potentiaque
850 1889 1058 1954 contenditur.
1113 1889 1158 1952 Hi
1179 1897 1252 1954 sunt
1267 1889 1384 1953 scilicet

296 1990 437 2054 Obizzini
468 1998 500 2053 et
531 1988 705 2075 Oircipoai,
733 1989 787 2072 qui
819 1988 962 2053 habitant
994 1989 1073 2054 citra
1102 1988 1216 2054 Panim
1244 1987 1383 2065 fluvium,

294 2089 500 2155 Thosolantes
510 2098 542 2153 et
554 2089 694 2165 Rheteri,
706 2088 757 2173 qui
768 2088 851 2153 ultra
860 2088 974 2152 Panim
986 2089 1261 2174 degunt.”—Ibid.
1274 2112 1301 2153 c.
1312 2093 1382 2154 140.

337 2189 375 2252 ln
400 2192 453 2255 the
478 2189 638 2275 following
659 2198 782 2253 extract
805 2189 885 2253 from
918 2188 1120 2267 Helmoldus,
1138 2189 1229 2254 mark
1251 2190 1306 2254 the
1334 2212 1384 2254 su·

293 2290 443 2375 perlative
459 2288 839 2376 antiquissimam-“De
859 2289 1043 2353 fortitudine
1064 2298 1095 2354 et
1119 2290 1258 2375 potentia
1280 2289 1385 2354 valida

293 2400 363 2455 orta
385 2401 432 2456 est
454 2391 623 2455 contentio.
669 2389 831 2475 Siquidem
852 2389 995 2454 Biaduri
1012 2390 1077 2454 sive
1099 2390 1241 2455 Tdolenzi
1257 2398 1383 2475 propter

293 2493 541 2578 antiquissimam
562 2491 671 2556 urbem
701 2499 733 2555 et
759 2490 991 2555 celeberrimum
1016 2489 1092 2555 illud
1119 2489 1238 2564 fanum,
1261 2491 1294 2554 in
1322 2513 1383 2574 quo

293 2593 492 2657 simulacrum
524 2591 679 2676 Radigast
706 2589 890 2667 ostenditur,
922 2612 1051 2674 regnare
1080 2590 1237 2669 volebant,
1269 2590 1385 2656 adscri-

294 2693 403 2758 bentes
418 2693 475 2757 sibi
488 2692 675 2777 singularem
687 2689 858 2754 nobilitatis
873 2690 1029 2763 honorem,
1045 2713 1081 2755 eo
1094 2690 1175 2775 quod
1190 2691 1230 2755 ab
1243 2691 1386 2757 omnibus

294 2793 415 2878 populis
433 2792 597 2857 Slavornm
612 2791 890 2874 frequentarentur,
912 2798 1038 2874 propter
1059 2813 1205 2875 responsa
1219 2800 1252 2855 ct
1265 2813 1386 2857 annuas

293 2891 514 2956 sacrificiorum
538 2890 754 2975 impensiones.
820 2889 918 2954 Porro
953 2891 1117 2976 Circipani
1147 2899 1242 2975 atque
1264 2892 1386 2975 Kyciai

293 2991 408 3056 servire
434 2991 663 3065 detrectabant,
691 2989 753 3053 imo
780 2989 957 3054 libertatem
983 3013 1072 3055 suam
1099 2992 1193 3057 armis
1222 2992 1387 3057 defendere

294 3090 656 3157 statuerunt.”—Helm.
672 3091 714 3155 iv.
735 3094 789 3154 21.

348 3191 439 3255 More
470 3191 677 3277 satisfactory,
709 3190 863 3266 however,
898 3189 974 3254 than
1008 3191 1062 3254 the
1092 3192 1321 3256 accumulation
1355 3192 1393 3257 of

297 3291 429 3357 isolated
441 3314 585 3378 passages
596 3291 622 3355 is
634 3292 688 3355 the
703 3289 862 3374 following
871 3290 994 3374 general
1006 3290 1281 3378 viem-“Populi
1293 3293 1389 3378 igitur

299 3391 463 3457 Slarorum
487 3400 560 3458 sunt
587 3390 688 3467 multi,
717 3413 847 3474 quorum
874 3390 966 3474 primi
997 3390 1037 3455 ab
1065 3391 1225 3457 occidente
1253 3391 1388 3458 confines

301 3491 532 3557 Transalbianis
546 3500 619 3557 sunt
641 3492 765 3577 Woigri
786 3490 843 3577 (al.
874 3491 998 3576 chri),
1020 3514 1126 3555 eorum
1141 3493 1251 3559 civitas
1266 3493 1388 3557 Alden·

300 3593 381 3680 burg
395 3593 560 3657 maritima.
607 3591 729 3656 Deinde
740 3598 911 3675 sequuntur
925 3590 1075 3669 Obodriti,
1089 3593 1141 3676 qui
1154 3594 1253 3658 altero
1263 3595 1387 3658 nomine

299 3695 410 3780 Beregi
423 3702 584 3770 vocantur,
605 3700 638 3756 et
661 3691 770 3757 civitas
790 3713 896 3755 eorum
922 3691 1128 3777 Magnopolis.
1183 3693 1266 3759 Item
1283 3716 1390 3759 versus

299 3816 356 3859 nos
378 3793 556 3880 Polobiwqt,
575 3815 706 3878 quorum
730 3791 840 3856 civitas
859 3790 1042 3876 Racisburg.
1095 3791 1190 3858 Ultra
1212 3816 1290 3878 quos
1309 3795 1388 3858 Lin-

297 3917 387 3981 gones
405 3892 571 3980 [Linones]
590 3902 709 3958 suntet
730 3892 894 3956 Warnolri.
941 3891 1023 3956 Mox
1039 3892 1183 3958 habitant
1201 3895 1341 3959 Uliarioi
1356 3903 1388 3959 et

301 3996 474 4081 Oircrgraai,
507 4016 583 4078 quos
611 4015 632 4057 a
663 3991 891 4057 Tonantius
916 4000 948 4056 et
975 3992 1121 4058 Roboris
1149 3991 1261 4058 fluvius
1293 3992 1390 4059 Panis

297 4103 431 4180 separat,
448 4103 480 4159 et
497 4094 606 4159 civitas
619 4092 755 4156 Dimine.
801 4091 850 4157 Ibi
864 4100 911 4157 est
926 4093 1076 4158 terminus
1092 4093 1391 4178 Hammaburgensis

299 4196 463 4281 parochiae.
514 4195 595 4259 Sunt
620 4201 653 4258 et
675 4193 728 4258 alii
752 4192 914 4258 Slavorum
937 4192 1052 4278 populi,
1075 4194 1128 4277 qui
1153 4193 1236 4258 inter
1259 4193 1388 4259 Albiam

297 4306 330 4361 et
354 4295 513 4360 Odderam
535 4294 664 4380 degunt,
686 4293 767 4358 sicut
786 4293 927 4371 Hereldi,
946 4295 998 4376 qui
1011 4291 1109 4379 juxta
1126 4292 1285 4359 Haliolam
1303 4293 1389 4380 [Ha-

296 4394 415 4481 bolarn]
444 4393 581 4469 fluvium,
604 4403 637 4459 et
666 4395 801 4467 Danuui,
829 4392 991 4469 Liubuzzi,
1029 4393 1143 4459 witini
1164 4403 1196 4458 et
1224 4395 1390 4461 Stodcroni
