3246 5078
262 446 308 493 ex
531 435 607 490 THE
635 434 816 492 GERMANY
842 438 890 494 01³
915 438 1082 494 Tacitus

262 606 357 675 ceret,
387 597 440 663 alii
471 597 524 681 qni
554 603 644 682 terga
674 599 887 685 circumgressi
919 600 1114 665 recluderent
1140 600 1293 664 humum:
1325 608 1357 664 et

262 699 401 783 utrisque
430 696 533 763 adfuit
568 696 703 762 fortuna.
760 697 809 764 Εο
841 701 1014 785 promptior
1044 701 1149 767 (iasar
1177 699 1279 786 pergit
1308 701 1356 764 in·

263 808 390 877 trorsus,
418 798 595 885 populatur,
623 798 779 863 exscindit
807 822 870 864 non
899 823 1011 866 ausum
1036 801 1183 887 congredi
1209 799 1353 865 hostem:

263 907 319 965 sut
339 898 438 965 sicubi
461 897 631 974 restiterat,
654 898 762 963 statim
782 899 916 985 pulsum,
940 923 998 966 nec
1020 923 1168 986 nmquam
1186 901 1295 985 magis,
1318 910 1355 965 ut

264 1022 304 1065 ex
329 998 462 1086 captivis
486 998 647 1083 cognitum
665 1012 723 1075 est,
749 1008 927 1084 paventem.
974 1002 1096 1088 Quippe
1124 1009 1146 1041 ‘⁴
1163 1001 1295 1066 invictos
1324 1008 1355 1066 et

262 1099 486 1165 nulliscasibns
496 1097 686 1184 superabiles
695 1097 881 1166 Romanos”
896 1102 1117 1186 predicabant,
1133 1107 1154 1137 “
1169 1101 1220 1185 qui
1232 1100 1355 1185 perdita

263 1200 369 1280 classe,
402 1198 524 1265 amissis
552 1197 657 1276 armis,
688 1205 760 1284 post
791 1207 950 1267 constrata
978 1225 1127 1286 equorum
1157 1201 1355 1284 virorumque

264 1300 443 1387 corporibus
468 1300 571 1379 litora,
594 1297 704 1363 eadem
726 1298 855 1377 virtme,
870 1303 938 1386 pari
952 1302 1078 1381 ferocia,
1094 1310 1126 1368 et
1149 1300 1246 1367 veluti
1268 1301 1354 1366 aucti

263 1423 392 1466 numero
409 1398 628 1485 inrupissent.”

306 1500 445 1568 XXVI.
468 1498 631 1564 Reductus
659 1499 733 1563 inde
766 1501 799 1564 in
834 1500 965 1568 hiberna
992 1503 1093 1577 miles,
1126 1502 1219 1567 laetus
1248 1500 1354 1578 animi,

261 1602 345 1688 qnod
371 1603 503 1666 adversa
527 1598 633 1674 maris,
657 1599 856 1683 expeditione
880 1625 1027 1689 prospera
1056 1602 1269 1689 pensavisset:
1299 1600 1353 1665 sd·

262 1703 344 1768 didit
368 1698 613 1767 munificentiam
643 1698 755 1777 Oaesar,
785 1708 936 1784 quantum
967 1704 1036 1787 quis
1064 1702 1171 1768 damni
1199 1701 1356 1788 professus

261 1812 340 1880 erat,
372 1800 571 1867 exsolvendo.
631 1797 697 1863 Nec
729 1799 858 1866 dubium
887 1802 1071 1881 habebatur,
1101 1802 1207 1868 labare
1238 1801 1353 1875 hostes,

261 1902 467 1989 petendaeque
490 1900 576 1985 pacis
602 1898 730 1964 consilia
755 1922 886 1979 sumere,
913 1910 945 1968 et
969 1904 996 1969 si
1018 1903 1162 1989 proxima
1183 1910 1275 1969 astas
1299 1901 1355 1966 ad·

255 2000 416 2088 jiceretnr,
432 2022 522 2087 posse
543 1997 659 2064 bellum
680 2000 817 2084 patrari:
844 2002 899 2068 sed
921 2003 1037 2069 crebris
1058 2004 1197 2090 epistolis
1212 2002 1355 2069 Tiberius

262 2104 420 2182 monebat,
436 2100 586 2166 “rediret
602 2098 645 2164 ad
662 2099 822 2166 decretum
844 2103 1060 2189 triumphum:
1084 2100 1238 2189 satisjam
1261 2124 1354 2168 even·

262 2210 363 2283 tuum,
390 2201 467 2268 satis
491 2221 638 2266 casuum:
665 2221 813 2286 prospera
836 2202 882 2268 illi
906 2210 938 2267 et
963 2227 1078 2290 magun
1097 2204 1221 2290 proelia:
1247 2224 1354 2266 eorum

262 2326 383 2389 quoque
399 2301 600 2377 meminisset,
623 2322 691 2384 quae
711 2302 799 2366 venti
823 2310 854 2367 et
874 2300 998 2381 fluctus,
1023 2305 1110 2370 nulla
1137 2304 1225 2368 ducis
1251 2302 1353 2386 culpa,

261 2404 371 2491 gavia
399 2414 505 2470 tamen
531 2410 564 2466 et
586 2424 668 2467 saeva
689 2399 806 2468 damna
826 2404 1021 2470 intulissent:
1052 2427 1085 2470 se
1109 2403 1215 2469 novies
1236 2425 1256 2467 a
1279 2401 1352 2467 divo

262 2506 409 2592 Angusto
430 2504 463 2570 in
486 2502 686 2568 Germaniam
708 2501 846 2582 missum,
869 2503 959 2589 plura
973 2505 1099 2570 consilio
1122 2526 1215 2589 quam
1230 2502 1262 2568 vi
1285 2524 1352 2587 per-

262 2606 381 2673 fecisse.
432 2604 485 2670 Sic
508 2602 698 2689 Sugambros
718 2601 751 2666 in
770 2602 960 2670 deditionem
983 2612 1137 2691 acceptos,
1160 2605 1204 2671 sic
1225 2603 1352 2680 Suevos,

263 2730 427 2793 regemque
451 2703 692 2780 Maroboduum,
716 2724 792 2786 pace
817 2704 1023 2771 obstrictum:
1055 2727 1145 2792 posse
1173 2712 1205 2770 et
1237 2703 1354 2769 (iheru-

262 2829 339 2885 scos,
358 2817 537 2889 ceterasque
571 2800 732 2867 rebellium
760 2812 879 2888 gentes,
909 2805 1033 2890 qnando
1061 2805 1212 2870 Romana
1243 2802 1354 2869 ultioni

262 2908 438 2972 consultum
451 2912 542 2981 esset,
564 2902 694 2967 internis
709 2901 871 2970 discordiis
893 2905 1054 2991 relinqui.''
1106 2906 1260 2971 Precante
1277 2903 1355 2967 Ger·

262 3006 384 3071 manico
405 3026 522 3071 annum
539 3001 707 3067 efficiendis
731 3004 849 3089 coeptis,
875 3007 977 3072 acrius
996 3006 1182 3072 modestiam
1206 3003 1273 3092 ejus
1297 3003 1353 3068 ad·

263 3105 412 3193 greditur,
427 3104 561 3170 alterum
585 3103 781 3168 consulatum
802 3104 970 3184 offerendo,
986 3105 1074 3193 cuius
1088 3106 1196 3171 munia
1220 3126 1354 3191 presens

263 3206 382 3274 obiret:
409 3204 501 3271 simul
522 3203 720 3282 adnectebat,
748 3205 809 3269 “si
828 3206 908 3271 foret
933 3206 1036 3271 adhuc
1059 3206 1247 3282 bellandum,
1263 3204 1356 3269 relin-

263 3314 372 3392 queret
404 3303 568 3371 materiem
598 3303 694 3370 Drusi
727 3303 832 3371 fratris
859 3305 975 3392 gloriae,
1006 3305 1059 3391 qui
1088 3306 1173 3371 nullo
1196 3314 1264 3371 tum
1294 3304 1354 3369 alio

263 3408 363 3486 hoste,
379 3406 501 3472 nonnisi
521 3403 606 3491 apud
621 3404 805 3470 Germanias
822 3405 951 3491 adsequi
975 3428 1088 3472 nomen
1109 3405 1353 3491 imperatorium,

263 3515 296 3573 et
325 3507 490 3593 deportare
521 3505 659 3570 lauream
684 3505 819 3591 posset.”
869 3506 968 3572 Haud
997 3514 1164 3572 cunctatus
1193 3514 1242 3571 est
1270 3505 1354 3570 ultra

264 3607 478 3686 Germanicus,
507 3627 695 3689 quamquam
723 3602 797 3691 fingi
823 3629 861 3673 ea
888 3629 981 3692 seque
1008 3630 1063 3693 per
1088 3606 1238 3672 invidiam
1264 3612 1354 3691 parto

257 3705 327 3793 jam
342 3707 447 3773 decori
462 3706 600 3773 abstrahi
616 3705 813 3792 intelligeret.

698 3912 766 3953 Tac.
789 3912 865 3952 ANN·
888 3912 922 3955 11.

307 4005 439 4072 XLIV.
463 4005 529 4070 Nec
551 4004 652 4069 multo
676 4012 747 4088 post
772 4003 895 4069 Drusus
917 4003 948 4068 in
975 4002 1139 4091 illyricum
1161 4003 1275 4069 missus
1297 4011 1355 4079 est,

262 4116 300 4173 ut
317 4113 472 4173 suesceret
486 4105 617 4181 militia,
633 4103 797 4187 studiaque
813 4104 969 4169 exercitus
983 4114 1132 4189 pararet;
1157 4103 1249 4168 simul
1266 4100 1358 4189 juve-

262 4230 335 4274 nem
356 4208 475 4272 urbano
503 4206 580 4270 luxu
604 4203 819 4269 lascivientem
840 4203 952 4271 melius
977 4204 1009 4268 in
1034 4203 1144 4269 caetris
1169 4203 1276 4268 haberi
1305 4203 1358 4267 Ti·

261 4308 375 4387 berius,
400 4330 493 4393 seque
520 4305 669 4371 tutiorem
699 4304 835 4382 rebatur,
866 4310 997 4389 utroque
1024 4302 1087 4368 filio
1112 4305 1251 4389 legiones
1278 4303 1359 4369 obti-

262 4418 366 4475 nente.
413 4407 478 4473 Sed
499 4406 594 4473 Suevi
618 4404 906 4492 praetendebantur,
931 4405 1083 4470 auxilium
1108 4404 1258 4470 adversus
1278 4403 1358 4469 (lbe-
