3264 5086
549 391 649 447 nora
675 393 726 447 ou
754 392 912 448 sacrior:
937 393 1018 449 xnr.
1290 377 1336 447 63

242 547 367 619 domirs
397 572 477 642 pars
502 549 677 631 videntur,
706 572 792 618 mox
822 547 1036 640 reipublice.
1090 545 1244 639 Insignis
1273 570 1337 616 no-

242 665 371 748 bilitas,
402 674 465 736 ant
492 689 621 759 magua
648 675 790 759 patrum
817 666 955 745 merita,
988 664 1157 758 principis
1185 664 1338 755 dignati-

242 800 348 847 onem
366 776 475 849 etiam
492 778 765 849 adolescentulis
791 779 990 873 adsignant.
1041 775 1339 863 Ceteritrobusti-
1370 786 1391 841 s

243 875 362 963 oribus
385 917 426 964 ac
446 894 660 988 jampridem
687 894 843 987 probatis
860 902 1119 987 aggregantur:
1148 914 1214 962 nec
1232 892 1340 963 rubor

242 1010 338 1079 inter
354 1013 502 1081 comites
519 1012 640 1104 aspici.
694 1011 837 1083 Gradus
854 1012 1052 1103 quinetiam
1079 1018 1117 1079 et
1137 1011 1212 1102 ipse
1230 1010 1341 1080 comi-

244 1133 339 1197 tatus
363 1127 483 1213 habet,
494 1129 634 1220 judicio
660 1130 747 1221 ejus,
773 1152 880 1221 quem
907 1136 1110 1198 sectantur:
1141 1149 1339 1220 magnaque

244 1251 282 1313 et
307 1246 479 1315 comitum
504 1245 694 1328 aemulatio,
713 1246 842 1337 quibus
864 1246 1000 1338 primns
1026 1244 1119 1338 apud
1141 1244 1338 1336 principem

244 1381 346 1431 suum
376 1360 493 1449 locus:
524 1370 562 1432 et
594 1363 805 1455 principum,
834 1363 892 1432 cni
924 1361 1068 1454 plurimi
1103 1374 1141 1430 et
1174 1362 1337 1431 acerrimi

245 1478 417 1547 comites.¹
478 1476 568 1548 Haec
602 1479 766 1573 dignitas,
800 1479 855 1549 hae
890 1480 992 1561 vires,
1027 1500 1159 1571 magno
1200 1499 1340 1569 semper

245 1592 440 1665 electorum
465 1595 641 1685 juvenum
666 1596 773 1690 globo
797 1596 1019 1677 circumdari,
1045 1596 1082 1665 in
1110 1617 1198 1686 pace
1222 1595 1338 1677 decus,

244 1710 282 1780 in
299 1710 394 1780 bello
412 1712 624 1803 praesidium.
674 1711 754 1783 Nec
780 1712 897 1784 solum
922 1714 960 1782 in
982 1710 1046 1782 suri
1068 1718 1178 1805 gente
1201 1712 1339 1802 cuique,

245 1827 307 1896 sed
324 1828 418 1919 apud
436 1827 605 1898 finitimas
621 1851 763 1920 quoque
776 1830 941 1900 civitates
959 1829 993 1898 id
1013 1851 1155 1911 nomeu,
1169 1850 1212 1897 ea
1227 1827 1340 1921 gloria

244 1954 310 2026 est,
337 1944 366 2013 si
394 1966 542 2014 numero
568 1967 609 2014 ac
636 1946 770 2015 virtute
798 1948 989 2016 comitatus
1018 1946 1196 2018 emineat:
1230 1969 1340 2038 expe-

230 2056 371 2130 'tuntur
398 2060 494 2128 enim
525 2059 771 2153 legationibus
796 2069 834 2131 et
862 2061 1074 2132 muneribus
1097 2071 1277 2146 ornantur,
1301 2072 1339 2131 et

244 2174 323 2270 ipsis
339 2175 548 2269 plerumque
566 2175 661 2247 fami
678 2177 773 2248 bella
791 2177 989 2270 profligant.

615 2447 687 2488 NO'lE
707 2447 745 2487 ΟΝ
764 2447 879 2488 8ΕοἩΟΝ
901 2447 967 2486 XIII.

287 2608 298 2644 ¹
311 2599 750 2683 comeatu-Contrecpnhe
764 2602 888 2661 German
903 2602 935 2659 of
949 2599 1007 2659 this
1021 2599 1191 2657 translation
1206 2619 1261 2657 was
1275 2621 1341 2679 pro-

246 2700 333 2777 bably
347 2720 424 2759 some
442 2701 522 2759 older
538 2700 612 2759 form
627 2701 659 2758 of
674 2699 723 2758 the
737 2698 944 2777 Auglo-Saxon
955 2698 1040 2773 gerlo,
1054 2696 1157 2774 plural,
1169 2697 1336 2772 gaci—liae:

247 2801 390 2857 raretum.

689 3025 902 3035 *-

299 3247 406 3320 XlV.
432 3247 524 3319 Cum
544 3254 689 3317 ventum
709 3247 745 3314 in
763 3248 889 3326 aciem,
910 3254 1012 3337 turpe
1037 3247 1187 3339 principi
1207 3248 1341 3317 virtute

249 3366 367 3449 vinci;
393 3376 497 3458 turpe
523 3363 719 3459 comitatui,
750 3363 920 3432 virtutem
952 3363 1122 3455 principis
1149 3386 1221 3433 non
1250 3364 1342 3436 adoe-

249 3506 367 3576 quare.
418 3480 501 3551 Jam
521 3476 605 3555 vero
626 3480 759 3549 infame
783 3479 819 3547 in
843 3500 986 3547 omnem
1003 3479 1113 3548 vitam
1134 3503 1174 3549 ac
1198 3480 1342 3571 probro-

249 3623 338 3683 sum,
349 3598 577 3691 superstitem
590 3596 741 3687 principi
758 3617 821 3664 suo
839 3618 884 3664 ex
903 3597 978 3664 acie
992 3597 1185 3666 recessisse.
1232 3596 1340 3668 Illum

249 3716 451 3799 defendere,
477 3715 581 3792 tueri,
605 3735 669 3782 sua
698 3733 837 3803 quoque
861 3712 967 3781 fortia
991 3710 1086 3781 faeta
1114 3712 1234 3805 gloriae
1265 3715 1341 3805 ejus

247 3834 440 3925 adsignare,
474 3831 691 3924 precipuum
730 3836 993 3897 sacramentum
1027 3835 1091 3898 est.
1158 3829 1340 3924 Principes

249 3972 313 4041 pro
325 3947 474 4019 victorii
485 3957 667 4041 pugnant:
692 3945 842 4015 comites
860 3967 923 4037 pro
940 3945 1109 4037 principe.
1145 3943 1185 4015 Si
1203 3947 1338 4019 civitas¹

248 4068 286 4137 in
304 4063 375 4158 qua
388 4067 455 4135 orti
474 4075 570 4147 sunt,
589 4060 695 4156 longia
715 4085 802 4155 pace
825 4071 863 4131 et
890 4062 963 4131 otio
985 4070 1147 4154 torpeat:
1178 4064 1340 4156 plerique

248 4181 422 4253 nobilium
440 4180 719 4252 adolescentium
736 4187 865 4271 petunt
882 4177 977 4248 ultro
994 4201 1053 4249 eas
1071 4180 1242 4263 nationes,
1261 4204 1339 4272 qnae

248 4283 491 4372 tum⁸bellum
521 4297 663 4390 aliquod
696 4306 848 4391 gerunt:
880 4296 964 4386 quia
997 4305 1035 4366 et
1068 4298 1208 4389 ingrata
1237 4300 1338 4390 genti
