3232 5100
302 403 414 473 xxviii
499 434 507 445 ·
579 418 656 473 nau
678 417 860 474 annulus
886 418 935 475 or
959 419 1123 475 neonus.

347 580 428 646 VII.
453 579 556 665 Igitur
577 581 690 666 egressi
712 579 752 644 de
779 579 989 645 scandinavia
1013 579 1137 659 Wrnili,
1160 604 1232 646 cum
1264 581 1339 648 Ibor
1368 592 1402 649 et
1500 621 1508 633 ·

302 681 418 768 Ayone
444 679 584 759 ducibus,
611 681 643 745 in
669 682 826 765 regionem
849 703 917 764 quaa
941 680 1117 766 appellatur
1141 680 1292 767 scoringa
1313 684 1402 748 veni·

302 789 402 857 entes,
428 804 483 866 per
507 802 604 846 anuos
629 780 692 845 illic
717 780 834 865 aliquot
856 780 1072 845 consedemnt.
1125 781 1184 847 Illo
1199 783 1305 867 itaque
1322 794 1402 847 tom-

302 904 376 967 pore
403 881 517 945 Ambri
547 889 579 945 et
606 880 690 960 Assi,
722 880 952 945 Wandalorum
979 881 1083 956 duces,
1114 881 1232 947 vicinas
1261 905 1398 968 quasque

302 982 476 1067 provincias
502 980 583 1045 bello
609 981 801 1066 promebant.
862 979 908 1044 Hi
928 978 997 1067 jam
1022 981 1130 1047 multis
1153 981 1227 1046 elati
1251 983 1399 1061 victoriis,

300 1081 428 1147 nuncios
450 1080 491 1146 ad
508 1081 645 1146 Winilos
666 1081 809 1157 mittunt,
826 1089 864 1145 ut
885 1091 941 1145 aut
963 1080 1084 1146 tributa
1100 1081 1269 1148 Wandalis
1282 1083 1399 1168 persol-

301 1190 419 1261 verent,
435 1188 491 1247 aut
512 1204 545 1247 se
567 1181 608 1246 ad
631 1181 704 1246 belli
719 1179 889 1246 certamina
904 1189 1123 1266 propararent.
1168 1182 1261 1247 Tunc
1276 1182 1352 1248 Ibor
1366 1193 1399 1249 et

302 1282 387 1368 Ayo,
403 1282 564 1347 adnitente
579 1290 679 1347 matre
702 1281 871 1360 (lambam,
888 1280 1060 1345 deliberant
1082 1282 1193 1347 melius
1214 1305 1281 1349 esse
1302 1283 1399 1359 armis

302 1382 478 1448 libertatem
495 1381 586 1461 tueri,
610 1404 703 1467 quam
727 1382 917 1446 tributorum
941 1380 1072 1445 eandem
1096 1382 1249 1448 solutione
1271 1382 1398 1464 foedare,

301 1483 453 1549 mandant
476 1506 532 1569 per
552 1482 672 1567 legatos
697 1480 873 1560 Wandalis,
897 1489 1088 1566 pugnaturos
1110 1505 1143 1548 se
1167 1483 1281 1569 potius,
1303 1507 1398 1568 quam

302 1583 480 1649 servituros.
532 1581 633 1647 Erant
648 1580 800 1665 siquidem
815 1590 891 1646 tunc
907 1580 1021 1645 Wiuili
1035 1582 1170 1649 universi
1190 1592 1285 1648 aetate
1303 1583 1398 1669 juve·

300 1683 355 1748 nili
372 1680 526 1759 florentes,
544 1682 599 1747 sed
616 1703 745 1746 numero
756 1680 882 1767 exigui3
907 1680 1021 1766 quippe
1039 1682 1091 1766 qui
1106 1683 1197 1748 unius
1214 1706 1277 1748 nou
1293 1685 1398 1750 nimia

300 1781 515 1868 amplitudinis
530 1780 647 1860 insulae,
663 1781 758 1846 tertia
771 1781 964 1846 solummodo
979 1782 1131 1868 particula
1147 1783 1273 1848 filatim.

345 1881 446 1946 VIII.
469 1881 578 1947 Refert
599 1881 658 1946 hoe
680 1880 747 1946 loco
768 1882 940 1966 antiquitas
961 1881 1124 1947 ridiculam
1137 1882 1294 1948 fabulam:
1314 1885 1398 1969 quod

300 1982 483 2048 accedentes
501 1980 653 2046 Wandali
674 1980 716 2045 ad
733 1981 871 2059 Wodan,
895 1981 1058 2046 victoriam
1080 1982 1119 2048 de
1139 1981 1267 2049 Winilis
1288 1993 1396 2071 postu·

299 2082 442 2160 laverint,
467 2083 578 2167 illeque
600 2080 805 2167 responderit,
830 2105 863 2147 se
885 2081 946 2146 illis
965 2081 1129 2147 victoriam
1143 2082 1302 2159 daturum,
1320 2108 1398 2170 quos

301 2183 435 2269 primum
458 2183 576 2249 oriente
598 2182 662 2248 sole
678 2182 907 2267 conspexisses
932 2189 1008 2246 tuno
1022 2183 1186 2249 accessisse
1204 2184 1396 2250 Gambaram

300 2283 342 2349 ad
367 2283 491 2362 Fream,
513 2305 644 2348 uxorem
661 2281 801 2359 Wodan,
825 2290 858 2346 et
876 2279 1005 2347 Winilis
1025 2282 1188 2348 victoriam
1212 2285 1395 2370 postulasse,

302 2384 475 2468 Freamque
495 2383 657 2449 consilium
681 2381 812 2461 dedisse,
836 2389 873 2446 ut
890 2381 1081 2447 Winilorum
1106 2383 1261 2450 mulieres.
1278 2385 1396 2452 solutos

300 2485 398 2550 crines
420 2507 494 2571 erga
515 2483 627 2548 faciem
648 2482 690 2547 ad
712 2482 816 2548 barba
833 2481 1067 2547 similitudinem
1083 2493 1314 2570 componerent,
1329 2508 1395 2550 ma·

300 2608 400 2671 neque
423 2585 523 2670 primo
548 2607 620 2648 oum
642 2582 717 2649 viris
740 2582 896 2659 adessent,
920 2604 1046 2666 seseque
1063 2605 1083 2647 a
1100 2583 1228 2649 Wodan
1244 2586 1395 2652 ridendus

300 2687 416 2772 pariter
441 2684 607 2770 eregioue,
623 2706 684 2769 qua
700 2683 752 2747 ille
767 2705 822 2767 per
835 2681 1013 2754 fenestram.
1027 2682 1179 2749 orientem
1193 2707 1311 2759 versus,
1327 2694 1395 2751 erat

299 2787 409 2852 solitus
423 2785 592 2871 adspicere,
610 2783 815 2848 collocarent:
842 2790 936 2867 atque
952 2783 999 2848 ita
1019 2783 1137 2848 factum
1159 2783 1263 2851 fuisse.
1307 2785 1395 2868 Qun

299 2909 371 2951 cum
395 2886 523 2950 Wodan
545 2885 736 2970 conspiceret
760 2882 880 2947 oriente
905 2883 979 2960 sole,
1005 2882 1139 2949 dixisse:
1165 2884 1227 2966 Qui
1248 2896 1319 2951 som
1340 2886 1395 2953 isti

299 2985 523 3074 Lmrpobordil
580 2984 669 3049 Tunc
697 2982 813 3047 Fream
840 2980 1045 3068 subjunxisse,
1071 2994 1107 3049 ut
1138 2985 1250 3069 quibus
1280 3009 1395 3052 nomen

300 3087 463 3164 tribuerat,
490 3085 654 3150 victoriam
675 3083 885 3148 condonaret:
913 3084 1017 3167 sicque
1041 3082 1171 3150 Wiuilis
1194 3084 1324 3151 Wodan
1348 3087 1394 3151 vi·

300 3187 430 3252 ctoriam
447 3186 641 3251 concessisse.
687 3183 767 3248 Haec
788 3182 851 3248 risu
875 3182 969 3270 digna
990 3191 1072 3263 sunt,
1089 3193 1121 3249 et
1143 3207 1199 3270 pro
1218 3185 1314 3250 nihilo
1336 3187 1396 3251 ha-

300 3287 411 3351 benda.
457 3285 600 3351 Victoria
616 3284 697 3349 enim
715 3306 777 3348 non
799 3283 949 3369 potestati
971 3292 1019 3348 est
1041 3284 1201 3350 adtributa
1221 3286 1394 3367 hominum,

300 3386 355 3453 sed
370 3410 388 3451 e
402 3385 477 3451 coelo
494 3385 599 3471 potius
612 3384 816 3450 ministratur.

344 3486 411 3551 IX.
433 3485 563 3552 (lertum
597 3493 703 3549 tamen
732 3491 779 3549 est
814 3483 1047 3569 Lougobardos,
1078 3486 1119 3550 ab
1149 3485 1276 3551 intactas
1310 3485 1394 3552 ferro

298 3589 402 3653 baroae
416 3584 622 3671 longitudine,
637 3606 708 3648 cnm
722 3582 867 3669 primitus
884 3584 998 3648 Wiuili
1014 3583 1090 3649 dicti
1103 3585 1228 3664 fuerint,
1246 3587 1293 3651 ita
1306 3595 1394 3672 post-

300 3687 427 3754 modum
439 3684 622 3772 appellatos.
649 3683 732 3748 Nam
742 3681 839 3770 juxta
852 3684 974 3750 illorum
989 3684 1137 3770 linguam,
1152 3687 1245 3773 Lonq
1259 3688 1391 3773 loapom,

299 3789 383 3854 Barl
408 3786 535 3853 tortam
557 3782 721 3871 significat.
774 3783 904 3850 Wodan
931 3806 1015 3863 saue,
1039 3808 1131 3870 quem
1152 3783 1277 3872 adjecta
1300 3787 1394 3853 litare

300 3888 443 3953 Gwodan
469 3886 627 3961 dixemut‚
654 3885 720 3971 ipse
746 3892 802 3961 est,
832 3884 884 3968 qui
912 3884 996 3970 apud
1024 3885 1183 3952 Romanos
1216 3886 1393 3953 Mercurius

301 3988 424 4067 dicitur,
440 3999 472 4054 et
486 3987 528 4052 ab
542 3985 693 4052 universis
710 3984 886 4049 Germania
902 3985 1048 4070 gentibus
1064 3994 1100 4050 ut
1118 3986 1195 4051 deus
1217 3987 1389 4062 adoratur;

299 4088 351 4175 qui
368 4111 430 4154 uon
446 4087 528 4154 cirea
550 4088 618 4152 haec
640 4095 790 4171 tempora,
812 4084 869 4150 sed
891 4084 981 4172 longa
1004 4086 1153 4163 anterius,
1175 4109 1233 4151 nec
1258 4087 1292 4152 iu
1314 4087 1394 4153 Ger-

297 4189 412 4268 mania,
427 4188 528 4255 sedin
544 4187 666 4253 Gracia
679 4186 773 4252 fuisso
787 4185 977 4270 perhibetur.

344 4290 391 4356 X.
417 4289 531 4354 Winili
545 4289 650 4374 igitur,
668 4286 720 4372 qui
738 4295 771 4351 et
787 4285 997 4372 Longobardi,
1017 4285 1181 4352 commisso
1196 4309 1268 4351 cum
1288 4288 1392 4353 Wan.

297 4392 376 4459 dalis
398 4390 514 4479 proelio,
537 4389 658 4469 acriter,
680 4395 789 4474 utpote
811 4409 867 4471 pro
889 4385 1043 4453 libertatis
1064 4386 1163 4473 gloria
1181 4386 1389 4467 decertantes,
