3246 5078
654 473 948 531 raonnoounm.
1265 459 1349 529 xciii

255 634 336 702 disse
351 635 534 701 exercitum.
585 634 664 702 (lum
678 638 710 701 in
723 635 863 721 captivos
876 634 1068 700 saeviretura
1083 632 1259 712 Germanis,
1272 659 1350 721 prae-

255 736 330 801 clari
354 737 498 803 facinoris
514 745 624 803 auctor
645 735 705 802 fuit
728 735 846 800 Caldus
859 734 984 812 Ooelius,
1001 734 1180 801 adolescens
1193 740 1350 802 vetustate

255 836 381 901 familiae
403 860 466 903 suae
492 837 710 924 dignissimus:
735 836 798 921 qui,
823 836 1004 921 complexus
1029 844 1221 914 catenarum,
1238 837 1350 921 quibus

258 937 382 1003 vinetus
403 947 480 1018 erat,
503 938 625 1012 seriem,
648 938 695 1002 ita
713 936 782 1001 illas
806 936 893 1001 illisit
909 936 1004 1022 capiti
1029 935 1128 1025 [suo],
1151 944 1187 1001 ut
1209 938 1350 1022 protinus

258 1038 375 1122 pariter
391 1039 552 1125 sanguinis
566 1037 743 1121 cerebrique
760 1033 886 1101 influvio
902 1037 1086 1121 exspiraret.

302 1138 433 1203 cxxi.
459 1139 582 1204 Eadem
604 1146 637 1203 et
659 1138 759 1202 virtus
781 1145 813 1200 et
837 1138 964 1201 fortuna
985 1136 1183 1221 subsequenti
1209 1144 1349 1222 tempore

260 1235 415 1324 [ingressa
437 1239 592 1327 animum]
617 1236 811 1325 imperatoris
831 1235 948 1301 Tiberii
962 1236 1032 1314 fuit,
1050 1259 1118 1321 quae
1133 1237 1221 1302 initio
1236 1238 1349 1304 fuerat.

257 1337 327 1420 Qui,
357 1340 495 1405 contusis
521 1340 659 1404 hostium
681 1337 808 1412 viribus,
836 1336 971 1402 classicis
996 1336 1197 1422 peditumque
1222 1339 1350 1424 expedi·

258 1439 406 1518 tionibus,
431 1463 503 1504 cum
519 1462 567 1505 res
582 1438 755 1503 Galliarum
774 1437 919 1502 maximas
941 1437 1043 1514 molis,
1065 1460 1269 1523 accensasque
1286 1439 1350 1525 ple·

257 1539 305 1606 bis
331 1540 556 1607 Viennensium
578 1539 792 1615 dissensiones,
816 1538 1001 1603 coercitione
1023 1538 1122 1623 magis
1143 1561 1237 1623 quam
1259 1563 1350 1625 poena

257 1641 425 1715 mollisset;
451 1651 485 1706 et
507 1649 634 1706 senatus
651 1640 843 1727 populusque
868 1637 1039 1718 Romanus,
1063 1639 1241 1725 postulante
1260 1648 1348 1724 patre

256 1737 331 1823 ejus,
355 1748 392 1805 nt
414 1763 537 1824 aequum
559 1741 586 1804 ei
604 1739 658 1826 jus
680 1741 711 1805 in
734 1739 877 1803 omnibus
902 1739 1069 1824 provinciis
1102 1738 1350 1823 exercitibusque

257 1848 339 1904 esset
367 1837 477 1924 [quam
499 1848 566 1905 erat
588 1839 676 1926 ipsi]‚
701 1840 826 1905 decreto
852 1838 1033 1925 complexus
1059 1848 1151 1905 esset.
1205 1839 1350 1921 (Etenim

256 1939 429 2004 absurdum
447 1947 525 2016 erat,
545 1962 607 2004 non
625 1963 691 2004 esse
710 1939 768 2005 sub
790 1939 853 2017 illo,
877 1963 945 2024 quae
962 1940 1003 2005 ab
1020 1939 1072 2005 illo
1087 1939 1347 2015 vindicabantur3

258 2046 291 2103 et
321 2039 374 2123 qui
406 2037 448 2103 ad
479 2061 569 2124 opem
602 2039 763 2105 ferendam
793 2039 913 2124 primus
944 2048 1023 2115 erat,
1055 2039 1098 2105 ad
1127 2039 1349 2106 vindicandum

257 2139 407 2203 honorem
436 2162 499 2202 non
525 2137 669 2225 judicare
700 2141 845 2225 parem):
885 2140 918 2204 in
951 2139 1071 2205 Urbem
1091 2163 1252 2219 reversus,
1279 2139 1349 2227 jam

258 2238 379 2324 pridem
395 2239 546 2316 debitum,
562 2240 617 2304 sed
632 2237 866 2303 continuatione
882 2238 1033 2303 bellorum
1051 2239 1194 2316 dilatum,
1209 2264 1249 2306 ex
1266 2242 1349 2307 Pan·

259 2339 360 2405 nouiis
384 2338 601 2424 Delmatisque
623 2341 687 2425 egit
707 2338 912 2423 triumphum.
969 2337 1066 2427 Cujus
1087 2339 1351 2426 magnificentiam

260 2440 328 2525 quis
350 2439 482 2505 miretur
505 2441 537 2504 in
562 2438 707 2505 Oaesarei
767 2438 917 2504 Fortuna
942 2461 1015 2503 vero
1041 2441 1110 2524 quis
1131 2463 1193 2505 non
1218 2442 1349 2507 miretur

258 2540 501 2626 indulgentiam?
527 2540 641 2626 quippe
666 2562 774 2605 omnes
800 2537 1058 2604 eminentissimos
1080 2540 1217 2604 hostium
1245 2540 1349 2618 duces,

258 2663 321 2706 non
346 2641 463 2706 occisos
487 2641 572 2705 fama
598 2641 749 2717 narravit,
772 2640 828 2705 sed
853 2640 974 2703 vinctos
999 2639 1175 2725 triumphus
1202 2641 1349 2706 ostendit.

260 2740 361 2823 Quem
395 2741 483 2819 mibi,
513 2741 661 2825 fratrique
697 2763 777 2818 meo,
808 2739 890 2805 inter
923 2741 1094 2825 praecipuos
1124 2739 1349 2826 praecipuisque

261 2840 350 2906 donis
363 2840 532 2906 adornatos
542 2842 628 2906 siros
642 2841 783 2906 comitari
797 2840 939 2927 contigit.

305 2941 457 3006 cxxii.
484 2941 562 3024 Quis
586 2963 647 3006 non
668 2941 750 3006 inter
776 2940 904 3024 reliqua,
926 2940 1037 3026 quibus
1058 2941 1222 3027 singularis
1243 2940 1348 3007 mode·

259 3041 424 3108 ratioTib.
440 3040 573 3107 (laesaris
597 3043 698 3107 elucet
721 3049 816 3125 atque
839 3042 964 3117 eminet,
988 3041 1048 3105 hoc
1071 3064 1191 3126 quoque
1207 3042 1348 3122 miretur,

259 3143 354 3227 quod,
370 3165 440 3207 cum
466 3142 531 3206 sine
557 3141 622 3206 ulla
638 3142 833 3207 dubitatione
855 3148 975 3227 septem
997 3142 1173 3227 triumphos
1188 3144 1348 3219 memerit,

260 3243 360 3308 tribus
383 3250 549 3307 contentus
574 3242 691 3307 tireritt
747 3241 837 3324 Quis·
856 3241 938 3306 enim
962 3241 1104 3307 dubitare
1126 3251 1240 3328 potest,
1273 3243 1347 3328 quin

260 3365 301 3407 ex
325 3343 477 3408 Armenia
499 3352 635 3428 recepta,
661 3350 756 3407 etex
781 3364 853 3429 rege
877 3343 905 3406 ei
931 3342 1106 3427 praepcsito,
1137 3340 1225 3428 cujus
1252 3344 1348 3429 capiti

260 3443 380 3528 insigne
412 3443 531 3529 regium
563 3466 621 3507 sua
647 3465 742 3507 manu
773 3442 973 3528 imposuerat,
1010 3442 1220 3528 ordinatisque
1256 3445 1349 3510 rebus

259 3543 407 3620 Orientis,
424 3565 521 3608 ovans
538 3543 731 3628 triumphare
751 3541 915 3607 debuerit!
937 3551 980 3619 et,
997 3541 1233 3607 Vindelicorum
1256 3543 1349 3608 Rha·

256 3651 421 3728 lorumque
442 3643 552 3720 victor,
577 3666 669 3708 curru
690 3643 799 3708 urbem
815 3642 956 3728 ingredi!
1001 3641 1125 3707 Fractis
1149 3640 1348 3729 deindepost

256 3745 457 3829 adoptionem
478 3742 626 3807 continua
646 3743 770 3808 triennii
793 3743 905 3807 militia
922 3742 1097 3806 Germaniae
1120 3742 1246 3817 viribus,
1264 3743 1347 3809 idem

256 3843 301 3909 illi
325 3845 425 3909 bonor
453 3853 485 3908 et
511 3843 696 3908 deferendus
718 3851 750 3908 et
775 3841 969 3928 recipiendus
995 3841 1110 3907 fueriti
1131 3850 1164 3907 et
1190 3850 1260 3928 post
1285 3843 1347 3908 cla·

256 3944 329 4008 dem
358 3944 416 4009 sub
444 3943 531 4009 Varo
555 3952 727 4029 acceptam,
757 3942 843 4007 ocius
868 3941 1073 4028 prosperrimo
1100 3965 1204 4008 rerum
1232 3952 1348 4009 eventu

256 4045 368 4109 eadem
393 4045 498 4110 excisa
525 4044 693 4109 Germania
716 4043 910 4128 triumphum
938 4043 1052 4108 summi
1081 4042 1169 4108 ducis
1196 4042 1348 4108 adornare

257 4145 423 4210 debuerit?
476 4144 539 4210 Sed
565 4145 597 4209 in
628 4146 687 4210 hoc
708 4144 775 4210 viro
804 4145 933 4221 nescias,
962 4152 1069 4208 utrum
1094 4144 1194 4231 magis
1215 4143 1347 4220 mireris,

258 4245 341 4329 quod
369 4246 511 4310 laborum
538 4245 803 4331 periculorumque
827 4267 950 4330 semper
972 4245 1105 4312 excessit
1132 4245 1269 4325 modum,
1296 4267 1348 4321 an,

255 4346 341 4429 quod
357 4347 504 4411 bonorem
518 4348 715 4431 temperarit.
