3246 5078
267 428 375 501 cxxiv
538 444 615 500 ΤΗΕ
640 444 822 501 GERMANY
849 444 897 500 OF
921 444 1087 501 TACI'I'US.

267 598 333 662 τῶν
346 594 476 663 τόπων·
503 595 638 684 καὶγὰρ
658 601 714 662 νῦν
731 595 850 686 ἔχουσι
874 596 934 679 τὴν
954 597 1078 686 χώραν,
1101 597 1142 680 ἣν
1166 594 1258 686 εἰχον
1280 595 1361 684 πρό-

266 725 371 786 τερον,
394 698 451 764 καί
466 698 626 787 ἔπεμψαν
645 707 694 787 τῷ
713 707 756 766 Σε
770 706 865 788 αστῷ
878 700 992 788 δῶρον,
1014 700 1073 767 τὸν
1088 699 1266 789 ἱερώτατον
1280 726 1349 786 παρ

266 802 380 873 αύτοίς
396 800 531 882 λε’θητα,
548 802 738 887 αἰτούμενοι
761 803 889 889 φιλίαν,
914 803 971 868 καὶ
999 803 1186 888 ἀμνηστίαν
1209 806 1275 870 τῶν
1298 802 1358 868 ὑπ-

264 905 452 992 ηργμένων·
476 903 634 995 τυχόντες
654 905 699 981 δὲ,
723 905 768 973 ὧν
789 906 913 990 ἠξίουν,
936 907 1088 995 άπῇραν·
1110 911 1245 991 γελοῖον
1267 905 1302 971 δὲ
1317 908 1364 992 τῷ

265 1012 406 1098 φυσικῷ,
423 1007 480 1075 καὶ
503 1008 625 1095 αἰωνίῳ
640 1008 753 1086 πάθει,
770 1009 820 1082 δίς
835 1011 978 1090 ἑκάστης
997 1010 1121 1099 ἡμέρας
1137 1007 1360 1094 συμθαίνοντι,

264 1112 553 1201 παροργισθέντας
578 1112 746 1180 ἀπελθεῖν
776 1113 814 1177 ἐκ
837 1113 897 1179 τοῦ
926 1113 1040 1180 τόπου.
1081 1112 1193 1179 Ἔοικε
1216 1112 1251 1178 δὲ
1273 1113 1361 1178 πλά-

266 1241 382 1299 σματι,
398 1216 436 1284 τό
452 1214 619 1300 συμθῆναί
629 1242 714 1282 ποτε
728 1215 948 1305 πλημμυρίδα
970 1214 1265 1306 ὑπερθάλλουσαν·
1289 1216 1360 1281 ε’πι·

262 1319 377 1390 τάσεις
391 1319 452 1402 μὲν
465 1319 530 1408 γάρ
555 1318 610 1385 καί
630 1319 761 1392 ἀνέσεις
785 1319 921 1408 δέχεται
941 1319 1141 1403 τεταγμένας
1162 1320 1197 1386 δὲ
1220 1320 1277 1386 καὶ
1299 1345 1356 1386 πε-

259 1420 468 1508 ριοδιζούσας
487 1422 505 1487 ὁ
521 1420 674 1495 Ὠκεανός
696 1424 731 1491 ἐν
752 1427 823 1495 τοῖς
845 1424 1008 1496 τοιούτοις
1029 1423 1184 1490 πάθεσιν.
1228 1422 1299 1488 Οὔκ
1322 1422 1358 1489 εὖ

262 1523 289 1589 δ’
305 1523 372 1591 οὐδ’
389 1523 406 1590 ό
423 1526 535 1612 φήσας
553 1527 646 1592 ὅπλα
665 1525 821 1615 αἴρεσθαι
845 1527 930 1615 πρὸς
952 1524 1011 1597 τάς
1029 1526 1266 1614 πλημμυρίδος
1280 1526 1357 1599 τοὺς

260 1625 432 1716 Κίμθρους,
456 1626 523 1693 οὐδ’
557 1629 611 1694 ὅτι
644 1626 787 1714 άφοθίον
823 1627 857 1694 οἱ
881 1629 1002 1695 Κελτοὶ
1033 1629 1223 1705 ἀσκοῦντες,
1254 1655 1353 1696 κοτα-

260 1730 442 1811 κλύζεσθαι
467 1730 528 1804 τάς
542 1731 651 1804 οἰκίας
666 1731 897 1816 ὑπομένουσιν,
914 1730 972 1798 εἰτ’
994 1732 1218 1816 ἀναιδομοῦσι,
1234 1731 1290 1799 καὶ
1303 1733 1356 1798 ότι

258 1833 387 1902 πλείων
401 1835 514 1906 αὐτοῖς
533 1833 708 1919 συμθαίνει
723 1834 848 1924 φθόρος
864 1836 901 1919 ἐξ
917 1835 1045 1911 ὕδατος,
1060 1835 1081 1918 ἢ
1096 1835 1257 1920 πολέμου,
1272 1836 1354 1922 ὅπερ

253 1937 398 2026 Ἔφορός
413 1943 526 2022 φησιν.
569 1937 613 2004 Ἡ
639 1939 703 2027 γὰρ
727 1938 821 2022 τάξις
843 1939 864 2020 ἦ
886 1942 952 2005 τῶν
975 1939 1227 2026 πλημμυρίδων,
1244 1939 1353 2007 καὶτὸ

256 2042 316 2124 τὴν
330 2042 590 2125 ἐπικλυζομάνην
600 2043 715 2131 χώραν
730 2039 815 2109 εἰναι
828 2043 1002 2131 γνώριμον,
1018 2044 1078 2109 οῦκ
1093 2042 1216 2127 ἔμελλε
1230 2043 1353 2115 ταύτας

256 2143 317 2216 τάς
339 2144 482 2215 ἀτοπίας
513 2144 679 2232 παρέξειν.
732 2144 792 2216 Δὶς
814 2146 880 2234 γάρ
911 2146 1054 2227 ἑκάστης
1083 2146 1207 2235 ἡμέρας
1235 2146 1353 2213 τούτου

257 2246 504 2332 συμόαίνοντος,
520 2247 558 2315 τὸ
572 2246 647 2332 μηδ’
663 2248 757 2331 ἅπαξ
771 2248 995 2317 αἰσθάνεσθαι
1011 2250 1157 2335 φυσικὴν
1176 2249 1279 2315 οὖσαν
1294 2249 1354 2332 τὴν

256 2352 459 2441 παλίῤῥοιαν
474 2351 530 2418 καὶ
543 2350 680 2436 ἀίλαίῆ,
697 2352 754 2417 καὶ
770 2353 809 2419 ού
822 2352 935 2436 μόνοις
951 2354 1080 2424 τούτοις
1095 2351 1351 2437 συμὸαίνουσαν,

254 2455 347 2522 ἀλλὰ
371 2460 440 2527 τοῖς
462 2455 727 2544 παρωκεανίταις
750 2459 848 2533 πάσι,
874 2460 946 2529 πῶς
970 2458 1030 2524 οῦκ
1046 2456 1232 2532 ἀπίθανον,·
1264 2453 1351 2522 Ούδὲ

255 2559 463 2649 Κλείταρχος
479 2559 532 2627 εῦ·
557 2558 643 2644 φησί
665 2561 730 2647 γάρ
751 2557 827 2631 τοὺς
855 2558 977 2632 ἱππέας
1000 2559 1130 2632 ἰδόντας
1155 2559 1215 2641 τὴν
1230 2555 1350 2645 ἔφοδον

254 2667 313 2730 τοῦ
327 2665 498 2746 πελάγους
514 2661 794 2748 ἀφιππάσασθαι,
811 2661 869 2728 καὶ
884 2662 1067 2748 φεύγοντας
1082 2663 1179 2746 ε’γγὺς
1193 2659 1350 2746 γενέσθαι
1441 2696 1444 2701 ·

253 2770 313 2832 τοῦ
336 2766 680 2855 περικαταληφθῆναι.
724 2765 812 2832 Ούτε
835 2764 871 2832 δὲ
896 2768 1046 2852 τοσούτῳ
1069 2765 1169 2854 τάχει
1193 2764 1253 2846 τὴν
1278 2763 1348 2831 ἐπί-

252 2866 349 2935 θασιν
374 2867 540 2956 ὁρωμένην
564 2867 769 2956 ἱστοροῦμεν,
804 2867 898 2934 ἀλλά
923 2868 1116 2950 λεληθότως
1138 2868 1349 2958 προσιοῦσαν

251 2972 311 3054 τὴν
330 2971 527 3038 θάλατταν·
551 2972 628 3038 οὔτε
647 2971 685 3037 τὸ
710 2969 785 3036 καθ’
801 2971 927 3059 ἡμέραν
947 2971 1141 3057 γιγνόμενον
1163 2972 1220 3039 καὶ
1242 2976 1350 3039 πᾶσιν

250 3074 390 3145 ἔναυλον
404 3074 466 3158 ἤδη
478 3073 515 3141 όν
529 3079 599 3147 τοῖς
610 3077 811 3157 πλησιάζειν
823 3074 1003 3158 μέλλουσι,
1018 3075 1097 3163 πρίν
1109 3074 1131 3158 ἢ
1141 3075 1346 3151 θεάσασθαι,

250 3183 410 3253 τοσοῦτον
432 3177 557 3261 ἔμελλε
579 3177 787 3265 παρέξεσθαι
806 3175 917 3263 φόίον,
934 3178 1022 3245 ὥστε
1037 3179 1180 3264 φεύγειν,
1205 3180 1249 3251 ὡς
1263 3183 1304 3249 ἀν
1318 3180 1349 3247 εἰ

253 3280 290 3365 ἐξ
300 3280 464 3364 ἀδοιίήτου
479 3281 683 3371 προσέπεσε.

292 3390 406 3452 Ταῦτα
421 3385 457 3452 δὲ
472 3385 607 3456 δικαίως
621 3383 761 3474 ἐπιτιμᾷ
774 3389 844 3457 τοῖς
861 3389 1095 3474 συγγραφεῦσι
1115 3386 1346 3465 Ποσειδώνιος,

250 3487 307 3554 καὶ
331 3489 369 3554 ού
395 3492 504 3561 κακῶς
520 3488 650 3570 εἰκάζει,
667 3488 719 3555 ὅτι
742 3493 923 3575 λῃστρικοὶ
941 3489 1032 3561 ὄντες
1050 3487 1107 3554 καί
1127 3490 1295 3571 πλάνητες
1314 3491 1348 3557 οἰ

251 3590 398 3681 Κίμύροι,
415 3591 471 3658 καὶ
485 3592 587 3681 μέχρι
603 3596 668 3659 τῶν
690 3591 769 3682 περὶ
784 3592 843 3674 τὴν
865 3595 1015 3659 Μαιῶτιν
1029 3594 1228 3674 ποιήσαιντο
1243 3618 1344 3680 στρα-

249 3695 358 3763 τείαν·
382 3694 440 3762 ἀπ’
457 3695 589 3761 ἐκείνων
614 3695 650 3761 δὲ
674 3696 732 3762 καί
755 3695 772 3761 ό
796 3696 975 3783 Κιμμέριος
999 3693 1137 3776 κληθείη
1159 3693 1343 3781 βόσπορος,

248 3798 317 3867 οἷον
332 3797 520 3888 Κιμόρικὸς,
536 3799 735 3887 Κιμμερίους
757 3796 833 3869 τοὺς
848 3796 1010 3885 Κίμθρους
1032 3796 1265 3880 ἀνομασάντων
1278 3801 1346 3865 τῶν

243 3902 426 3983 Ἐλλήνων.
470 3900 559 3982 Φησὶ
575 3900 682 3967 δὲκαὶ
706 3901 819 3972 Βοίους
840 3900 898 3967 τόν
917 3900 1088 3989 Ἑρκύνιον
1105 3899 1227 3988 δρυμὸν
1241 3900 1344 3970 οἰκεῖν

245 4005 424 4094 πρότερον·
462 4000 538 4075 τοῦς
567 4003 602 4069 δὲ
632 4002 794 4089 Κίμθρους
820 4003 1031 4092 ὁρμήσαντας
1061 4003 1117 4070 ἐπὶ
1154 4005 1211 4071 τὸν
1239 4005 1344 4071 τόπον

246 4114 372 4185 τοῦτον,
388 4106 680 4193 ἀποκρουσθέντας
698 4107 762 4173 ὑπὸ
778 4110 844 4173 τῶν
862 4108 967 4173 Βοίων
988 4105 1046 4174 ἐπὶ
1061 4108 1117 4175 τὸν
1127 4107 1270 4197 Ἴστρον,
1286 4108 1345 4174 καὶ

246 4213 322 4285 τοὺς
345 4211 568 4300 Σκορδίσκους
591 4208 744 4280 Γαλάτας
765 4208 966 4294 καταθῆναι·
990 4208 1045 4277 εἰτ’
1073 4211 1129 4277 ἐπὶ
1153 4211 1344 4299 Ταυριστάς

248 4317 305 4384 καί
314 4314 531 4405 Ταυρίσκους,
548 4312 604 4379 καὶ
619 4312 754 4384 τούτους
769 4314 944 4387 Γαλάτας·
961 4312 1019 4379 εἰτ’
1030 4315 1087 4380 ἐπὶ
1097 4315 1341 4397 Ἑλουηττίους,

241 4421 480 4511 πολυχρύσους
494 4418 556 4502 μὲν
571 4416 702 4505 ἀνδρας,
719 4416 903 4505 εἰρηναίους
919 4417 972 4483 δέ·
998 4417 1146 4506 ὁρῶντας
1162 4418 1198 4485 δὲ
1222 4417 1279 4486 τὸν
1303 4420 1340 4485 ἐκ
