<?xml version="1.0" encoding="UTF-8"?>
<!DOCTYPE html PUBLIC "-//W3C//DTD XHTML 1.0 Transitional//EN"
    "http://www.w3.org/TR/xhtml1/DTD/xhtml1-transitional.dtd">
<html xmlns="http://www.w3.org/1999/xhtml" xml:lang="en" lang="en">
 <head>
  <title>
</title>
<meta http-equiv="Content-Type" content="text/html;charset=utf-8" />
  <meta name='ocr-system' content='tesseract 3.04.00' />
  <meta name='ocr-capabilities' content='ocr_page ocr_carea ocr_par ocr_line ocrx_word'/>
</head>
<body>
  <div class='ocr_page' id='page_1' title='image "./germaniatacitus02lathgoog_0112.png"; bbox 0 0 3246 5078; ppageno 0'>
   <div class='ocr_carea' id='block_1_1' title="bbox 633 423 1325 491">
    <p class='ocr_par' dir='ltr' id='par_1_1' title="bbox 633 423 1325 491">
     <span class='ocr_line' id='line_1_1' title="bbox 633 423 1325 491; baseline 0.004 -3"><span class='ocrx_word' id='word_1_1' title='bbox 633 432 926 489; x_wconf 80' lang='lat' dir='ltr'><strong>raonaconnna.</strong></span> <span class='ocrx_word' id='word_1_2' title='bbox 1231 423 1325 491; x_wconf 81' lang='lat' dir='ltr'>xcvii</span> 
     </span>
    </p>
   </div>
   <div class='ocr_carea' id='block_1_2' title="bbox 225 593 1324 1084">
    <p class='ocr_par' dir='ltr' id='par_1_2' title="bbox 226 593 1324 880">
     <span class='ocr_line' id='line_1_2' title="bbox 226 593 1320 680; baseline 0.004 -20"><span class='ocrx_word' id='word_1_3' title='bbox 226 602 439 679; x_wconf 84' lang='lat' dir='ltr'><strong>quantumque</strong></span> <span class='ocrx_word' id='word_1_4' title='bbox 464 593 619 660; x_wconf 77' lang='lat' dir='ltr'><strong>Amisiam</strong></span> <span class='ocrx_word' id='word_1_5' title='bbox 643 604 675 659; x_wconf 90' lang='lat' dir='ltr'><strong>et</strong></span> <span class='ocrx_word' id='word_1_6' title='bbox 705 594 860 680; x_wconf 87' lang='lat' dir='ltr'><strong>Luppiam</strong></span> <span class='ocrx_word' id='word_1_7' title='bbox 887 617 996 661; x_wconf 90' lang='lat' dir='ltr'><strong>amnes</strong></span> <span class='ocrx_word' id='word_1_8' title='bbox 1024 595 1117 675; x_wconf 90' lang='lat' dir='ltr'><strong>inter,</strong></span> <span class='ocrx_word' id='word_1_9' title='bbox 1143 606 1320 674; x_wconf 68' lang='lat' dir='ltr'><strong>vastatum</strong></span> 
     </span>
     <span class='ocr_line' id='line_1_3' title="bbox 226 694 1324 785; baseline 0.005 -26"><span class='ocrx_word' id='word_1_10' title='bbox 226 695 313 760; x_wconf 90' lang='lat' dir='ltr'><strong>haud</strong></span> <span class='ocrx_word' id='word_1_11' title='bbox 335 695 442 780; x_wconf 85' lang='lat' dir='ltr'><strong>procul</strong></span> <span class='ocrx_word' id='word_1_12' title='bbox 464 694 723 780; x_wconf 77' lang='lat' dir='ltr'>Teutoburgiensi</span> <span class='ocrx_word' id='word_1_13' title='bbox 745 695 837 774; x_wconf 85' lang='lat' dir='ltr'><strong>saltu,</strong></span> <span class='ocrx_word' id='word_1_14' title='bbox 854 695 886 759; x_wconf 92' lang='lat' dir='ltr'><strong>in</strong></span> <span class='ocrx_word' id='word_1_15' title='bbox 909 717 978 779; x_wconf 76' lang='lat' dir='ltr'><strong>quo,</strong></span> <span class='ocrx_word' id='word_1_16' title='bbox 992 695 1128 781; x_wconf 75' lang='lat' dir='ltr'><strong>reliquia</strong></span> <span class='ocrx_word' id='word_1_17' title='bbox 1146 696 1225 763; x_wconf 86' lang='lat' dir='ltr'><strong>Vari</strong></span> <span class='ocrx_word' id='word_1_18' title='bbox 1248 699 1324 785; x_wconf 90' lang='lat' dir='ltr'><strong>legi·</strong></span> 
     </span>
     <span class='ocr_line' id='line_1_4' title="bbox 227 794 769 880; baseline -0.007 -20"><span class='ocrx_word' id='word_1_19' title='bbox 227 818 384 879; x_wconf 82' lang='lat' dir='ltr'><strong>anumque</strong></span> <span class='ocrx_word' id='word_1_20' title='bbox 399 795 561 880; x_wconf 84' lang='lat' dir='ltr'><strong>insepultae</strong></span> <span class='ocrx_word' id='word_1_21' title='bbox 577 794 769 860; x_wconf 86' lang='lat' dir='ltr'><strong>dicebantur.</strong></span> 
     </span>
    </p>

    <p class='ocr_par' dir='ltr' id='par_1_3' title="bbox 225 893 1322 1084">
     <span class='ocr_line' id='line_1_5' title="bbox 272 893 1322 985; baseline 0.007 -26"><span class='ocrx_word' id='word_1_22' title='bbox 272 894 367 963; x_wconf 86' lang='lat' dir='ltr'><strong>LXI.</strong></span> <span class='ocrx_word' id='word_1_23' title='bbox 391 895 493 981; x_wconf 78' lang='lat' dir='ltr'><strong>Igitur</strong></span> <span class='ocrx_word' id='word_1_24' title='bbox 527 895 641 981; x_wconf 89' lang='lat' dir='ltr'><strong>cupido</strong></span> <span class='ocrx_word' id='word_1_25' title='bbox 667 895 822 960; x_wconf 82' lang='lat' dir='ltr'><strong>Oaesarem</strong></span> <span class='ocrx_word' id='word_1_26' title='bbox 852 893 974 960; x_wconf 91' lang='lat' dir='ltr'><strong>invadit</strong></span> <span class='ocrx_word' id='word_1_27' title='bbox 1001 897 1142 963; x_wconf 84' lang='lat' dir='ltr'><strong>solvendi</strong></span> <span class='ocrx_word' id='word_1_28' title='bbox 1176 921 1322 985; x_wconf 87' lang='lat' dir='ltr'><strong>suprema</strong></span> 
     </span>
     <span class='ocr_line' id='line_1_6' title="bbox 225 995 1321 1084; baseline 0.006 -25"><span class='ocrx_word' id='word_1_29' title='bbox 225 996 386 1073; x_wconf 77' lang='lat' dir='ltr'><strong>militibus,</strong></span> <span class='ocrx_word' id='word_1_30' title='bbox 402 996 555 1080; x_wconf 86' lang='lat' dir='ltr'><strong>duciqne;</strong></span> <span class='ocrx_word' id='word_1_31' title='bbox 580 1004 722 1082; x_wconf 86' lang='lat' dir='ltr'><strong>permoto</strong></span> <span class='ocrx_word' id='word_1_32' title='bbox 746 995 788 1060; x_wconf 92' lang='lat' dir='ltr'><strong>ad</strong></span> <span class='ocrx_word' id='word_1_33' title='bbox 815 996 1044 1061; x_wconf 77' lang='lat' dir='ltr'><strong>miserationem</strong></span> <span class='ocrx_word' id='word_1_34' title='bbox 1067 1000 1161 1076; x_wconf 90' lang='lat' dir='ltr'><strong>omni,</strong></span> <span class='ocrx_word' id='word_1_35' title='bbox 1186 1001 1238 1084; x_wconf 90' lang='lat' dir='ltr'><strong>qui</strong></span> <span class='ocrx_word' id='word_1_36' title='bbox 1264 1001 1321 1066; x_wconf 88' lang='lat' dir='ltr'><strong>ad·</strong></span> 
     </span>
    </p>
   </div>
   <div class='ocr_carea' id='block_1_3' title="bbox 207 1094 1321 4388">
    <p class='ocr_par' dir='ltr' id='par_1_4' title="bbox 215 1094 1321 2786">
     <span class='ocr_line' id='line_1_7' title="bbox 225 1094 1321 1181; baseline 0.007 -22"><span class='ocrx_word' id='word_1_37' title='bbox 225 1104 304 1173; x_wconf 90' lang='lat' dir='ltr'><strong>erat,</strong></span> <span class='ocrx_word' id='word_1_38' title='bbox 332 1097 480 1173; x_wconf 85' lang='lat' dir='ltr'><strong>exercitu,</strong></span> <span class='ocrx_word' id='word_1_39' title='bbox 508 1096 549 1160; x_wconf 91' lang='lat' dir='ltr'><strong>ob</strong></span> <span class='ocrx_word' id='word_1_40' title='bbox 574 1094 771 1181; x_wconf 91' lang='lat' dir='ltr'><strong>propinquos,</strong></span> <span class='ocrx_word' id='word_1_41' title='bbox 798 1096 924 1174; x_wconf 89' lang='lat' dir='ltr'><strong>amicos,</strong></span> <span class='ocrx_word' id='word_1_42' title='bbox 949 1097 1081 1181; x_wconf 90' lang='lat' dir='ltr'><strong>denique</strong></span> <span class='ocrx_word' id='word_1_43' title='bbox 1095 1099 1136 1163; x_wconf 93' lang='lat' dir='ltr'><strong>ob</strong></span> <span class='ocrx_word' id='word_1_44' title='bbox 1151 1122 1240 1166; x_wconf 91' lang='lat' dir='ltr'><strong>casus</strong></span> <span class='ocrx_word' id='word_1_45' title='bbox 1255 1101 1321 1166; x_wconf 85' lang='lat' dir='ltr'><strong>bel-</strong></span> 
     </span>
     <span class='ocr_line' id='line_1_8' title="bbox 224 1195 1320 1276; baseline 0.005 -16"><span class='ocrx_word' id='word_1_46' title='bbox 224 1195 325 1260; x_wconf 88' lang='lat' dir='ltr'><strong>lorum</strong></span> <span class='ocrx_word' id='word_1_47' title='bbox 351 1204 384 1261; x_wconf 91' lang='lat' dir='ltr'><strong>et</strong></span> <span class='ocrx_word' id='word_1_48' title='bbox 411 1205 529 1262; x_wconf 79' lang='lat' dir='ltr'><strong>sortem</strong></span> <span class='ocrx_word' id='word_1_49' title='bbox 550 1195 722 1261; x_wconf 89' lang='lat' dir='ltr'><strong>hominum.</strong></span> <span class='ocrx_word' id='word_1_50' title='bbox 782 1195 948 1262; x_wconf 83' lang='lat' dir='ltr'><strong>Praemisso</strong></span> <span class='ocrx_word' id='word_1_51' title='bbox 975 1196 1108 1276; x_wconf 76' lang='lat' dir='ltr'><strong>Caecina,</strong></span> <span class='ocrx_word' id='word_1_52' title='bbox 1135 1209 1171 1265; x_wconf 91' lang='lat' dir='ltr'><strong>ut</strong></span> <span class='ocrx_word' id='word_1_53' title='bbox 1196 1202 1320 1267; x_wconf 86' lang='lat' dir='ltr'><strong>occulta</strong></span> 
     </span>
     <span class='ocr_line' id='line_1_9' title="bbox 224 1296 1319 1384; baseline 0.005 -23"><span class='ocrx_word' id='word_1_54' title='bbox 224 1296 360 1363; x_wconf 87' lang='lat' dir='ltr'><strong>saltuum</strong></span> <span class='ocrx_word' id='word_1_55' title='bbox 386 1305 589 1374; x_wconf 72' lang='lat' dir='ltr'><strong>scrutaretur,</strong></span> <span class='ocrx_word' id='word_1_56' title='bbox 605 1310 775 1381; x_wconf 81' lang='lat' dir='ltr'><strong>pontesque</strong></span> <span class='ocrx_word' id='word_1_57' title='bbox 790 1304 822 1360; x_wconf 90' lang='lat' dir='ltr'><strong>et</strong></span> <span class='ocrx_word' id='word_1_58' title='bbox 837 1319 966 1382; x_wconf 78' lang='lat' dir='ltr'><strong>aggeres</strong></span> <span class='ocrx_word' id='word_1_59' title='bbox 978 1297 1106 1362; x_wconf 89' lang='lat' dir='ltr'><strong>humido</strong></span> <span class='ocrx_word' id='word_1_60' title='bbox 1122 1300 1271 1384; x_wconf 89' lang='lat' dir='ltr'><strong>paludum</strong></span> <span class='ocrx_word' id='word_1_61' title='bbox 1286 1311 1319 1367; x_wconf 90' lang='lat' dir='ltr'><strong>ct</strong></span> 
     </span>
     <span class='ocr_line' id='line_1_10' title="bbox 222 1396 1319 1485; baseline 0.007 -25"><span class='ocrx_word' id='word_1_62' title='bbox 222 1396 383 1462; x_wconf 75' lang='lat' dir='ltr'><strong>fallacibus</strong></span> <span class='ocrx_word' id='word_1_63' title='bbox 397 1397 515 1483; x_wconf 89' lang='lat' dir='ltr'><strong>campis</strong></span> <span class='ocrx_word' id='word_1_64' title='bbox 529 1396 712 1482; x_wconf 87' lang='lat' dir='ltr'><strong>imponeret,</strong></span> <span class='ocrx_word' id='word_1_65' title='bbox 727 1396 877 1461; x_wconf 90' lang='lat' dir='ltr'><strong>incedunt</strong></span> <span class='ocrx_word' id='word_1_66' title='bbox 891 1406 1017 1463; x_wconf 84' lang='lat' dir='ltr'><strong>moestos</strong></span> <span class='ocrx_word' id='word_1_67' title='bbox 1032 1397 1124 1475; x_wconf 91' lang='lat' dir='ltr'><strong>locos,</strong></span> <span class='ocrx_word' id='word_1_68' title='bbox 1139 1401 1266 1485; x_wconf 83' lang='lat' dir='ltr'><strong>visuque</strong></span> <span class='ocrx_word' id='word_1_69' title='bbox 1281 1426 1319 1468; x_wconf 89' lang='lat' dir='ltr'><strong>ac</strong></span> 
     </span>
     <span class='ocr_line' id='line_1_11' title="bbox 222 1495 1316 1580; baseline 0.008 -21"><span class='ocrx_word' id='word_1_70' title='bbox 222 1498 372 1562; x_wconf 87' lang='lat' dir='ltr'><strong>memoria</strong></span> <span class='ocrx_word' id='word_1_71' title='bbox 396 1497 559 1563; x_wconf 82' lang='lat' dir='ltr'><strong>deformes.</strong></span> <span class='ocrx_word' id='word_1_72' title='bbox 606 1497 716 1561; x_wconf 91' lang='lat' dir='ltr'><strong>Prima</strong></span> <span class='ocrx_word' id='word_1_73' title='bbox 733 1495 811 1561; x_wconf 88' lang='lat' dir='ltr'><strong>Vari</strong></span> <span class='ocrx_word' id='word_1_74' title='bbox 835 1504 948 1574; x_wconf 87' lang='lat' dir='ltr'><strong>castra,</strong></span> <span class='ocrx_word' id='word_1_75' title='bbox 967 1497 1031 1562; x_wconf 89' lang='lat' dir='ltr'><strong>lato</strong></span> <span class='ocrx_word' id='word_1_76' title='bbox 1054 1499 1185 1580; x_wconf 87' lang='lat' dir='ltr'><strong>ambitu,</strong></span> <span class='ocrx_word' id='word_1_77' title='bbox 1209 1511 1242 1567; x_wconf 90' lang='lat' dir='ltr'><strong>ct</strong></span> <span class='ocrx_word' id='word_1_78' title='bbox 1269 1503 1316 1567; x_wconf 92' lang='lat' dir='ltr'><strong>di·</strong></span> 
     </span>
     <span class='ocr_line' id='line_1_12' title="bbox 221 1596 1316 1683; baseline 0.008 -23"><span class='ocrx_word' id='word_1_79' title='bbox 221 1598 335 1663; x_wconf 88' lang='lat' dir='ltr'><strong>mensis</strong></span> <span class='ocrx_word' id='word_1_80' title='bbox 362 1597 529 1683; x_wconf 81' lang='lat' dir='ltr'><strong>principiis,</strong></span> <span class='ocrx_word' id='word_1_81' title='bbox 554 1598 650 1663; x_wconf 89' lang='lat' dir='ltr'><strong>trium</strong></span> <span class='ocrx_word' id='word_1_82' title='bbox 680 1596 835 1683; x_wconf 90' lang='lat' dir='ltr'><strong>legionum</strong></span> <span class='ocrx_word' id='word_1_83' title='bbox 862 1619 972 1663; x_wconf 89' lang='lat' dir='ltr'><strong>manus</strong></span> <span class='ocrx_word' id='word_1_84' title='bbox 1000 1600 1219 1666; x_wconf 85' lang='lat' dir='ltr'><strong>ostentabant:</strong></span> <span class='ocrx_word' id='word_1_85' title='bbox 1245 1602 1316 1668; x_wconf 89' lang='lat' dir='ltr'><strong>dein</strong></span> 
     </span>
     <span class='ocr_line' id='line_1_13' title="bbox 221 1695 1316 1783; baseline 0.006 -22"><span class='ocrx_word' id='word_1_86' title='bbox 221 1697 370 1762; x_wconf 90' lang='lat' dir='ltr'><strong>semiruto</strong></span> <span class='ocrx_word' id='word_1_87' title='bbox 385 1697 476 1777; x_wconf 85' lang='lat' dir='ltr'><strong>vallo,</strong></span> <span class='ocrx_word' id='word_1_88' title='bbox 501 1698 612 1762; x_wconf 89' lang='lat' dir='ltr'><strong>humili</strong></span> <span class='ocrx_word' id='word_1_89' title='bbox 637 1697 731 1771; x_wconf 86' lang='lat' dir='ltr'><strong>fossa,</strong></span> <span class='ocrx_word' id='word_1_90' title='bbox 756 1697 865 1763; x_wconf 81' lang='lat' dir='ltr'><strong>accisa</strong></span> <span class='ocrx_word' id='word_1_91' title='bbox 886 1695 956 1783; x_wconf 88' lang='lat' dir='ltr'><strong>jam</strong></span> <span class='ocrx_word' id='word_1_92' title='bbox 981 1699 1117 1782; x_wconf 75' lang='lat' dir='ltr'><strong>reliquiae</strong></span> <span class='ocrx_word' id='word_1_93' title='bbox 1143 1702 1316 1769; x_wconf 87' lang='lat' dir='ltr'><strong>consedisse</strong></span> 
     </span>
     <span class='ocr_line' id='line_1_14' title="bbox 220 1795 1315 1887; baseline 0.009 -28"><span class='ocrx_word' id='word_1_94' title='bbox 220 1795 495 1882; x_wconf 81' lang='lat' dir='ltr'><strong>intelligebantur:</strong></span> <span class='ocrx_word' id='word_1_95' title='bbox 518 1798 623 1863; x_wconf 88' lang='lat' dir='ltr'><strong>medio</strong></span> <span class='ocrx_word' id='word_1_96' title='bbox 645 1797 747 1883; x_wconf 89' lang='lat' dir='ltr'><strong>campi</strong></span> <span class='ocrx_word' id='word_1_97' title='bbox 769 1797 907 1863; x_wconf 88' lang='lat' dir='ltr'><strong>albentia</strong></span> <span class='ocrx_word' id='word_1_98' title='bbox 935 1820 1015 1875; x_wconf 91' lang='lat' dir='ltr'><strong>ossa,</strong></span> <span class='ocrx_word' id='word_1_99' title='bbox 1040 1807 1077 1863; x_wconf 91' lang='lat' dir='ltr'><strong>ut</strong></span> <span class='ocrx_word' id='word_1_100' title='bbox 1102 1800 1255 1887; x_wconf 86' lang='lat' dir='ltr'><strong>fugeruut,</strong></span> <span class='ocrx_word' id='word_1_101' title='bbox 1278 1814 1315 1869; x_wconf 93' lang='lat' dir='ltr'><strong>ut</strong></span> 
     </span>
     <span class='ocr_line' id='line_1_15' title="bbox 220 1896 1315 1989; baseline 0.006 -27"><span class='ocrx_word' id='word_1_102' title='bbox 220 1897 413 1970; x_wconf 87' lang='lat' dir='ltr'><strong>restiterant,</strong></span> <span class='ocrx_word' id='word_1_103' title='bbox 454 1896 584 1984; x_wconf 87' lang='lat' dir='ltr'><strong>disjecta</strong></span> <span class='ocrx_word' id='word_1_104' title='bbox 626 1899 676 1963; x_wconf 83' lang='lat' dir='ltr'><strong>vel</strong></span> <span class='ocrx_word' id='word_1_105' title='bbox 715 1908 883 1983; x_wconf 87' lang='lat' dir='ltr'><strong>aggerata:</strong></span> <span class='ocrx_word' id='word_1_106' title='bbox 931 1896 1118 1984; x_wconf 86' lang='lat' dir='ltr'><strong>adjacebant</strong></span> <span class='ocrx_word' id='word_1_107' title='bbox 1161 1902 1315 1989; x_wconf 86' lang='lat' dir='ltr'><strong>fragmina</strong></span> 
     </span>
     <span class='ocr_line' id='line_1_16' title="bbox 219 1998 1314 2082; baseline 0.008 -21"><span class='ocrx_word' id='word_1_108' title='bbox 219 1999 364 2070; x_wconf 87' lang='lat' dir='ltr'><strong>telorum,</strong></span> <span class='ocrx_word' id='word_1_109' title='bbox 388 2018 596 2082; x_wconf 91' lang='lat' dir='ltr'><strong>equorumque</strong></span> <span class='ocrx_word' id='word_1_110' title='bbox 619 2006 716 2077; x_wconf 89' lang='lat' dir='ltr'><strong>artus,</strong></span> <span class='ocrx_word' id='word_1_111' title='bbox 743 1998 834 2063; x_wconf 91' lang='lat' dir='ltr'><strong>simul</strong></span> <span class='ocrx_word' id='word_1_112' title='bbox 857 1999 976 2064; x_wconf 87' lang='lat' dir='ltr'><strong>truncis</strong></span> <span class='ocrx_word' id='word_1_113' title='bbox 1002 2000 1148 2066; x_wconf 89' lang='lat' dir='ltr'><strong>arborum</strong></span> <span class='ocrx_word' id='word_1_114' title='bbox 1176 2003 1314 2070; x_wconf 82' lang='lat' dir='ltr'><strong>antefixa</strong></span> 
     </span>
     <span class='ocr_line' id='line_1_17' title="bbox 219 2097 1313 2184; baseline 0.008 -23"><span class='ocrx_word' id='word_1_115' title='bbox 219 2119 294 2171; x_wconf 90' lang='lat' dir='ltr'><strong>ora;</strong></span> <span class='ocrx_word' id='word_1_116' title='bbox 319 2097 396 2161; x_wconf 91' lang='lat' dir='ltr'><strong>lucis</strong></span> <span class='ocrx_word' id='word_1_117' title='bbox 421 2098 597 2182; x_wconf 89' lang='lat' dir='ltr'><strong>propinquis</strong></span> <span class='ocrx_word' id='word_1_118' title='bbox 624 2098 763 2163; x_wconf 86' lang='lat' dir='ltr'><strong>barbarae</strong></span> <span class='ocrx_word' id='word_1_119' title='bbox 788 2121 859 2176; x_wconf 84' lang='lat' dir='ltr'><strong>arae,</strong></span> <span class='ocrx_word' id='word_1_120' title='bbox 885 2098 971 2184; x_wconf 89' lang='lat' dir='ltr'><strong>apud</strong></span> <span class='ocrx_word' id='word_1_121' title='bbox 998 2122 1075 2184; x_wconf 89' lang='lat' dir='ltr'><strong>quas</strong></span> <span class='ocrx_word' id='word_1_122' title='bbox 1099 2103 1249 2180; x_wconf 87' lang='lat' dir='ltr'><strong>tribunos,</strong></span> <span class='ocrx_word' id='word_1_123' title='bbox 1276 2129 1313 2170; x_wconf 90' lang='lat' dir='ltr'><strong>ac</strong></span> 
     </span>
     <span class='ocr_line' id='line_1_18' title="bbox 218 2197 1314 2291; baseline 0.009 -29"><span class='ocrx_word' id='word_1_124' title='bbox 218 2198 389 2282; x_wconf 88' lang='lat' dir='ltr'><strong>primorum</strong></span> <span class='ocrx_word' id='word_1_125' title='bbox 412 2197 555 2262; x_wconf 89' lang='lat' dir='ltr'><strong>ordinum</strong></span> <span class='ocrx_word' id='word_1_126' title='bbox 579 2198 774 2263; x_wconf 89' lang='lat' dir='ltr'><strong>centuriones</strong></span> <span class='ocrx_word' id='word_1_127' title='bbox 796 2205 1030 2264; x_wconf 87' lang='lat' dir='ltr'><strong>mactaverant:</strong></span> <span class='ocrx_word' id='word_1_128' title='bbox 1067 2210 1099 2266; x_wconf 91' lang='lat' dir='ltr'><strong>et</strong></span> <span class='ocrx_word' id='word_1_129' title='bbox 1125 2203 1223 2269; x_wconf 89' lang='lat' dir='ltr'><strong>cladis</strong></span> <span class='ocrx_word' id='word_1_130' title='bbox 1247 2204 1314 2291; x_wconf 88' lang='lat' dir='ltr'><strong>ejus</strong></span> 
     </span>
     <span class='ocr_line' id='line_1_19' title="bbox 218 2297 1312 2384; baseline 0.009 -23"><span class='ocrx_word' id='word_1_131' title='bbox 218 2297 402 2383; x_wconf 88' lang='lat' dir='ltr'><strong>superstites</strong></span> <span class='ocrx_word' id='word_1_132' title='bbox 416 2320 553 2384; x_wconf 88' lang='lat' dir='ltr'><strong>pugnam</strong></span> <span class='ocrx_word' id='word_1_133' title='bbox 571 2310 629 2364; x_wconf 89' lang='lat' dir='ltr'><strong>aut</strong></span> <span class='ocrx_word' id='word_1_134' title='bbox 652 2298 776 2364; x_wconf 78' lang='lat' dir='ltr'><strong>vincula</strong></span> <span class='ocrx_word' id='word_1_135' title='bbox 798 2298 904 2384; x_wconf 86' lang='lat' dir='ltr'><strong>elapsi,</strong></span> <span class='ocrx_word' id='word_1_136' title='bbox 933 2299 1122 2378; x_wconf 88' lang='lat' dir='ltr'><strong>referebant,</strong></span> <span class='ocrx_word' id='word_1_137' title='bbox 1139 2304 1220 2368; x_wconf 88' lang='lat' dir='ltr'><strong>“hic</strong></span> <span class='ocrx_word' id='word_1_138' title='bbox 1234 2307 1312 2371; x_wconf 88' lang='lat' dir='ltr'><strong>ceci-</strong></span> 
     </span>
     <span class='ocr_line' id='line_1_20' title="bbox 219 2396 1312 2484; baseline 0.009 -23"><span class='ocrx_word' id='word_1_139' title='bbox 219 2396 300 2462; x_wconf 84' lang='lat' dir='ltr'><strong>disse</strong></span> <span class='ocrx_word' id='word_1_140' title='bbox 323 2397 466 2483; x_wconf 88' lang='lat' dir='ltr'><strong>legatos;</strong></span> <span class='ocrx_word' id='word_1_141' title='bbox 490 2399 553 2464; x_wconf 91' lang='lat' dir='ltr'><strong>illic</strong></span> <span class='ocrx_word' id='word_1_142' title='bbox 576 2411 683 2484; x_wconf 89' lang='lat' dir='ltr'><strong>raptas</strong></span> <span class='ocrx_word' id='word_1_143' title='bbox 706 2399 844 2484; x_wconf 89' lang='lat' dir='ltr'><strong>aquilas;</strong></span> <span class='ocrx_word' id='word_1_144' title='bbox 870 2398 1004 2483; x_wconf 91' lang='lat' dir='ltr'><strong>primum</strong></span> <span class='ocrx_word' id='word_1_145' title='bbox 1028 2401 1082 2464; x_wconf 89' lang='lat' dir='ltr'><strong>ubi</strong></span> <span class='ocrx_word' id='word_1_146' title='bbox 1097 2403 1208 2468; x_wconf 83' lang='lat' dir='ltr'><strong>vulnus</strong></span> <span class='ocrx_word' id='word_1_147' title='bbox 1225 2404 1312 2471; x_wconf 89' lang='lat' dir='ltr'><strong>Varo</strong></span> 
     </span>
     <span class='ocr_line' id='line_1_21' title="bbox 217 2497 1308 2577; baseline 0.009 -17"><span class='ocrx_word' id='word_1_148' title='bbox 217 2497 386 2572; x_wconf 80' lang='lat' dir='ltr'><strong>adactnm3</strong></span> <span class='ocrx_word' id='word_1_149' title='bbox 411 2498 466 2564; x_wconf 92' lang='lat' dir='ltr'><strong>ubi</strong></span> <span class='ocrx_word' id='word_1_150' title='bbox 493 2499 607 2564; x_wconf 89' lang='lat' dir='ltr'><strong>infelici</strong></span> <span class='ocrx_word' id='word_1_151' title='bbox 633 2499 756 2577; x_wconf 85' lang='lat' dir='ltr'><strong>dextra,</strong></span> <span class='ocrx_word' id='word_1_152' title='bbox 778 2506 810 2563; x_wconf 91' lang='lat' dir='ltr'><strong>et</strong></span> <span class='ocrx_word' id='word_1_153' title='bbox 835 2520 891 2564; x_wconf 91' lang='lat' dir='ltr'><strong>suo</strong></span> <span class='ocrx_word' id='word_1_154' title='bbox 911 2498 977 2563; x_wconf 89' lang='lat' dir='ltr'><strong>ictu</strong></span> <span class='ocrx_word' id='word_1_155' title='bbox 991 2510 1124 2565; x_wconf 91' lang='lat' dir='ltr'><strong>mortem</strong></span> <span class='ocrx_word' id='word_1_156' title='bbox 1139 2502 1308 2570; x_wconf 86' lang='lat' dir='ltr'><strong>invenerit:</strong></span> 
     </span>
     <span class='ocr_line' id='line_1_22' title="bbox 217 2597 1309 2689; baseline 0.007 -27"><span class='ocrx_word' id='word_1_157' title='bbox 217 2619 278 2681; x_wconf 91' lang='lat' dir='ltr'><strong>quo</strong></span> <span class='ocrx_word' id='word_1_158' title='bbox 304 2597 452 2664; x_wconf 88' lang='lat' dir='ltr'><strong>tribunali</strong></span> <span class='ocrx_word' id='word_1_159' title='bbox 477 2599 678 2665; x_wconf 90' lang='lat' dir='ltr'><strong>concionatus</strong></span> <span class='ocrx_word' id='word_1_160' title='bbox 692 2599 879 2675; x_wconf 89' lang='lat' dir='ltr'><strong>Arminius;</strong></span> <span class='ocrx_word' id='word_1_161' title='bbox 903 2607 979 2683; x_wconf 91' lang='lat' dir='ltr'><strong>quot</strong></span> <span class='ocrx_word' id='word_1_162' title='bbox 1006 2600 1146 2685; x_wconf 86' lang='lat' dir='ltr'><strong>patibula</strong></span> <span class='ocrx_word' id='word_1_163' title='bbox 1168 2605 1309 2689; x_wconf 82' lang='lat' dir='ltr'><strong>captivis,</strong></span> 
     </span>
     <span class='ocr_line' id='line_1_23' title="bbox 215 2699 1294 2786; baseline 0.006 -24"><span class='ocrx_word' id='word_1_164' title='bbox 215 2719 284 2781; x_wconf 85' lang='lat' dir='ltr'><strong>quae</strong></span> <span class='ocrx_word' id='word_1_165' title='bbox 294 2700 417 2765; x_wconf 87' lang='lat' dir='ltr'><strong>scrobes</strong></span> <span class='ocrx_word' id='word_1_166' title='bbox 429 2726 438 2775; x_wconf 81' lang='lat'>3</span> <span class='ocrx_word' id='word_1_167' title='bbox 464 2708 560 2784; x_wconf 91' lang='lat' dir='ltr'><strong>utque</strong></span> <span class='ocrx_word' id='word_1_168' title='bbox 574 2699 670 2786; x_wconf 90' lang='lat' dir='ltr'><strong>signis</strong></span> <span class='ocrx_word' id='word_1_169' title='bbox 687 2708 719 2763; x_wconf 89' lang='lat' dir='ltr'><strong>et</strong></span> <span class='ocrx_word' id='word_1_170' title='bbox 733 2700 845 2783; x_wconf 88' lang='lat' dir='ltr'><strong>aquilis</strong></span> <span class='ocrx_word' id='word_1_171' title='bbox 858 2721 914 2784; x_wconf 91' lang='lat' dir='ltr'><strong>per</strong></span> <span class='ocrx_word' id='word_1_172' title='bbox 929 2699 1105 2785; x_wconf 88' lang='lat' dir='ltr'><strong>snperbiam</strong></span> <span class='ocrx_word' id='word_1_173' title='bbox 1121 2701 1294 2767; x_wconf 84' lang='lat' dir='ltr'><strong>inluserit.&#39;&#39;</strong></span> 
     </span>
    </p>

    <p class='ocr_par' dir='ltr' id='par_1_5' title="bbox 211 2798 1309 3886">
     <span class='ocr_line' id='line_1_24' title="bbox 261 2798 1308 2885; baseline 0.009 -23"><span class='ocrx_word' id='word_1_174' title='bbox 261 2798 376 2864; x_wconf 89' lang='lat' dir='ltr'><strong>LXII.</strong></span> <span class='ocrx_word' id='word_1_175' title='bbox 401 2799 503 2885; x_wconf 88' lang='lat' dir='ltr'><strong>Igitur</strong></span> <span class='ocrx_word' id='word_1_176' title='bbox 528 2799 700 2875; x_wconf 87' lang='lat' dir='ltr'><strong>Romanus,</strong></span> <span class='ocrx_word' id='word_1_177' title='bbox 739 2798 791 2884; x_wconf 93' lang='lat' dir='ltr'><strong>qui</strong></span> <span class='ocrx_word' id='word_1_178' title='bbox 827 2799 946 2877; x_wconf 86' lang='lat' dir='ltr'><strong>aderat,</strong></span> <span class='ocrx_word' id='word_1_179' title='bbox 983 2799 1147 2881; x_wconf 85' lang='lat' dir='ltr'><strong>exercitus,</strong></span> <span class='ocrx_word' id='word_1_180' title='bbox 1183 2812 1308 2871; x_wconf 82' lang='lat' dir='ltr'><strong>sextum</strong></span> 
     </span>
     <span class='ocr_line' id='line_1_25' title="bbox 213 2898 1309 2986; baseline 0.008 -23"><span class='ocrx_word' id='word_1_181' title='bbox 213 2909 286 2983; x_wconf 91' lang='lat' dir='ltr'><strong>post</strong></span> <span class='ocrx_word' id='word_1_182' title='bbox 301 2898 399 2965; x_wconf 89' lang='lat' dir='ltr'><strong>cladis</strong></span> <span class='ocrx_word' id='word_1_183' title='bbox 414 2923 540 2978; x_wconf 91' lang='lat' dir='ltr'><strong>aunum,</strong></span> <span class='ocrx_word' id='word_1_184' title='bbox 556 2899 650 2965; x_wconf 91' lang='lat' dir='ltr'><strong>trium</strong></span> <span class='ocrx_word' id='word_1_185' title='bbox 666 2899 822 2986; x_wconf 89' lang='lat' dir='ltr'><strong>legionum</strong></span> <span class='ocrx_word' id='word_1_186' title='bbox 837 2921 915 2985; x_wconf 88' lang='lat' dir='ltr'><strong>ossa,</strong></span> <span class='ocrx_word' id='word_1_187' title='bbox 933 2898 1016 2963; x_wconf 91' lang='lat' dir='ltr'><strong>nullo</strong></span> <span class='ocrx_word' id='word_1_188' title='bbox 1032 2911 1177 2967; x_wconf 88' lang='lat' dir='ltr'><strong>noscente</strong></span> <span class='ocrx_word' id='word_1_189' title='bbox 1192 2904 1309 2973; x_wconf 85' lang='lat' dir='ltr'><strong>alienas</strong></span> 
     </span>
     <span class='ocr_line' id='line_1_26' title="bbox 214 2998 1309 3089; baseline 0.008 -26"><span class='ocrx_word' id='word_1_190' title='bbox 214 2998 360 3084; x_wconf 88' lang='lat' dir='ltr'><strong>reliquias</strong></span> <span class='ocrx_word' id='word_1_191' title='bbox 384 3023 425 3064; x_wconf 89' lang='lat' dir='ltr'><strong>au</strong></span> <span class='ocrx_word' id='word_1_192' title='bbox 449 3023 575 3065; x_wconf 91' lang='lat' dir='ltr'><strong>suorum</strong></span> <span class='ocrx_word' id='word_1_193' title='bbox 600 3000 695 3065; x_wconf 87' lang='lat' dir='ltr'><strong>humo</strong></span> <span class='ocrx_word' id='word_1_194' title='bbox 719 3007 850 3085; x_wconf 88' lang='lat' dir='ltr'><strong>tegeret,</strong></span> <span class='ocrx_word' id='word_1_195' title='bbox 875 3021 982 3065; x_wconf 87' lang='lat' dir='ltr'><strong>omues</strong></span> <span class='ocrx_word' id='word_1_196' title='bbox 1004 3008 1040 3065; x_wconf 90' lang='lat' dir='ltr'><strong>ut</strong></span> <span class='ocrx_word' id='word_1_197' title='bbox 1066 3001 1256 3089; x_wconf 87' lang='lat' dir='ltr'><strong>conjunctos,</strong></span> <span class='ocrx_word' id='word_1_198' title='bbox 1273 3016 1309 3071; x_wconf 91' lang='lat' dir='ltr'><strong>ut</strong></span> 
     </span>
     <span class='ocr_line' id='line_1_27' title="bbox 215 3099 1308 3185; baseline 0.009 -22"><span class='ocrx_word' id='word_1_199' title='bbox 215 3099 468 3185; x_wconf 86' lang='lat' dir='ltr'><strong>consanguineos,</strong></span> <span class='ocrx_word' id='word_1_200' title='bbox 485 3114 580 3165; x_wconf 89' lang='lat' dir='ltr'><strong>aucta</strong></span> <span class='ocrx_word' id='word_1_201' title='bbox 604 3100 636 3163; x_wconf 90' lang='lat' dir='ltr'><strong>iu</strong></span> <span class='ocrx_word' id='word_1_202' title='bbox 664 3101 786 3165; x_wconf 93' lang='lat' dir='ltr'><strong>hostem</strong></span> <span class='ocrx_word' id='word_1_203' title='bbox 814 3100 870 3176; x_wconf 89' lang='lat' dir='ltr'><strong>ira,</strong></span> <span class='ocrx_word' id='word_1_204' title='bbox 894 3100 996 3165; x_wconf 85' lang='lat' dir='ltr'><strong>moesti</strong></span> <span class='ocrx_word' id='word_1_205' title='bbox 1023 3100 1116 3167; x_wconf 89' lang='lat' dir='ltr'><strong>simul</strong></span> <span class='ocrx_word' id='word_1_206' title='bbox 1142 3112 1175 3168; x_wconf 92' lang='lat' dir='ltr'><strong>et</strong></span> <span class='ocrx_word' id='word_1_207' title='bbox 1197 3106 1308 3173; x_wconf 87' lang='lat' dir='ltr'><strong>infensi</strong></span> 
     </span>
     <span class='ocr_line' id='line_1_28' title="bbox 214 3200 1309 3287; baseline 0.008 -24"><span class='ocrx_word' id='word_1_208' title='bbox 214 3200 402 3266; x_wconf 89' lang='lat' dir='ltr'><strong>condebant.</strong></span> <span class='ocrx_word' id='word_1_209' title='bbox 465 3201 608 3265; x_wconf 91' lang='lat' dir='ltr'><strong>Primum</strong></span> <span class='ocrx_word' id='word_1_210' title='bbox 649 3200 839 3265; x_wconf 84' lang='lat' dir='ltr'><strong>exstruendo</strong></span> <span class='ocrx_word' id='word_1_211' title='bbox 875 3200 995 3265; x_wconf 91' lang='lat' dir='ltr'><strong>tumulo</strong></span> <span class='ocrx_word' id='word_1_212' title='bbox 1021 3203 1170 3287; x_wconf 86' lang='lat' dir='ltr'><strong>cespitem</strong></span> <span class='ocrx_word' id='word_1_213' title='bbox 1202 3205 1309 3273; x_wconf 84' lang='lat' dir='ltr'><strong>Caesar</strong></span> 
     </span>
     <span class='ocr_line' id='line_1_29' title="bbox 213 3300 1308 3386; baseline 0.007 -22"><span class='ocrx_word' id='word_1_214' title='bbox 213 3300 329 3384; x_wconf 88' lang='lat' dir='ltr'><strong>posuit,</strong></span> <span class='ocrx_word' id='word_1_215' title='bbox 344 3300 521 3385; x_wconf 89' lang='lat' dir='ltr'><strong>gratissimo</strong></span> <span class='ocrx_word' id='word_1_216' title='bbox 536 3323 663 3365; x_wconf 91' lang='lat' dir='ltr'><strong>munere</strong></span> <span class='ocrx_word' id='word_1_217' title='bbox 678 3300 710 3365; x_wconf 91' lang='lat' dir='ltr'><strong>in</strong></span> <span class='ocrx_word' id='word_1_218' title='bbox 726 3300 901 3376; x_wconf 88' lang='lat' dir='ltr'><strong>defunctos,</strong></span> <span class='ocrx_word' id='word_1_219' title='bbox 918 3308 950 3364; x_wconf 91' lang='lat' dir='ltr'><strong>et</strong></span> <span class='ocrx_word' id='word_1_220' title='bbox 973 3303 1177 3386; x_wconf 86' lang='lat' dir='ltr'><strong>praesentibus</strong></span> <span class='ocrx_word' id='word_1_221' title='bbox 1194 3305 1308 3372; x_wconf 91' lang='lat' dir='ltr'><strong>doloris</strong></span> 
     </span>
     <span class='ocr_line' id='line_1_30' title="bbox 213 3400 1307 3492; baseline 0.008 -29"><span class='ocrx_word' id='word_1_222' title='bbox 213 3400 324 3465; x_wconf 89' lang='lat' dir='ltr'><strong>socius.</strong></span> <span class='ocrx_word' id='word_1_223' title='bbox 370 3400 462 3481; x_wconf 75' lang='lat' dir='ltr'><strong>Quod</strong></span> <span class='ocrx_word' id='word_1_224' title='bbox 477 3400 603 3466; x_wconf 81' lang='lat' dir='ltr'><strong>Tiberio</strong></span> <span class='ocrx_word' id='word_1_225' title='bbox 617 3400 703 3464; x_wconf 86' lang='lat' dir='ltr'><strong>haud</strong></span> <span class='ocrx_word' id='word_1_226' title='bbox 720 3401 906 3486; x_wconf 81' lang='lat' dir='ltr'><strong>probatum3</strong></span> <span class='ocrx_word' id='word_1_227' title='bbox 931 3424 985 3492; x_wconf 82' lang='lat' dir='ltr'><strong>sen</strong></span> <span class='ocrx_word' id='word_1_228' title='bbox 1001 3411 1115 3467; x_wconf 87' lang='lat' dir='ltr'><strong>cuncta</strong></span> <span class='ocrx_word' id='word_1_229' title='bbox 1130 3404 1307 3472; x_wconf 83' lang='lat' dir='ltr'><strong>Germanici</strong></span> 
     </span>
     <span class='ocr_line' id='line_1_31' title="bbox 212 3499 1305 3585; baseline 0.007 -21"><span class='ocrx_word' id='word_1_230' title='bbox 212 3499 244 3564; x_wconf 93' lang='lat' dir='ltr'><strong>in</strong></span> <span class='ocrx_word' id='word_1_231' title='bbox 271 3500 408 3566; x_wconf 88' lang='lat' dir='ltr'><strong>deterius</strong></span> <span class='ocrx_word' id='word_1_232' title='bbox 432 3501 590 3577; x_wconf 82' lang='lat' dir='ltr'><strong>trahenti3</strong></span> <span class='ocrx_word' id='word_1_233' title='bbox 619 3501 684 3565; x_wconf 75' lang='lat' dir='ltr'><strong>sire</strong></span> <span class='ocrx_word' id='word_1_234' title='bbox 707 3501 879 3565; x_wconf 84' lang='lat' dir='ltr'><strong>exercitum</strong></span> <span class='ocrx_word' id='word_1_235' title='bbox 901 3500 1036 3585; x_wconf 88' lang='lat' dir='ltr'><strong>imagine</strong></span> <span class='ocrx_word' id='word_1_236' title='bbox 1054 3525 1203 3569; x_wconf 74' lang='lat' dir='ltr'><strong>caesorum</strong></span> <span class='ocrx_word' id='word_1_237' title='bbox 1226 3506 1305 3572; x_wconf 90' lang='lat' dir='ltr'><strong>inse-</strong></span> 
     </span>
     <span class='ocr_line' id='line_1_32' title="bbox 211 3600 1306 3686; baseline 0.008 -23"><span class='ocrx_word' id='word_1_238' title='bbox 211 3601 431 3685; x_wconf 88' lang='lat' dir='ltr'><strong>pultorumque</strong></span> <span class='ocrx_word' id='word_1_239' title='bbox 445 3601 606 3666; x_wconf 88' lang='lat' dir='ltr'><strong>tardatum</strong></span> <span class='ocrx_word' id='word_1_240' title='bbox 620 3600 661 3664; x_wconf 91' lang='lat' dir='ltr'><strong>ad</strong></span> <span class='ocrx_word' id='word_1_241' title='bbox 677 3601 791 3686; x_wconf 85' lang='lat' dir='ltr'><strong>proelia,</strong></span> <span class='ocrx_word' id='word_1_242' title='bbox 815 3609 847 3667; x_wconf 91' lang='lat' dir='ltr'><strong>et</strong></span> <span class='ocrx_word' id='word_1_243' title='bbox 870 3600 1146 3667; x_wconf 88' lang='lat' dir='ltr'><strong>formidolosiorem</strong></span> <span class='ocrx_word' id='word_1_244' title='bbox 1169 3605 1306 3672; x_wconf 89' lang='lat' dir='ltr'><strong>hostium</strong></span> 
     </span>
     <span class='ocr_line' id='line_1_33' title="bbox 212 3700 1305 3786; baseline 0.009 -23"><span class='ocrx_word' id='word_1_245' title='bbox 212 3700 379 3766; x_wconf 89' lang='lat' dir='ltr'><strong>credebat:</strong></span> <span class='ocrx_word' id='word_1_246' title='bbox 419 3709 550 3785; x_wconf 85' lang='lat' dir='ltr'><strong>“neque</strong></span> <span class='ocrx_word' id='word_1_247' title='bbox 584 3702 803 3785; x_wconf 88' lang='lat' dir='ltr'><strong>imperatorem</strong></span> <span class='ocrx_word' id='word_1_248' title='bbox 830 3708 985 3786; x_wconf 88' lang='lat' dir='ltr'><strong>auguratu</strong></span> <span class='ocrx_word' id='word_1_249' title='bbox 1021 3710 1053 3766; x_wconf 90' lang='lat' dir='ltr'><strong>et</strong></span> <span class='ocrx_word' id='word_1_250' title='bbox 1088 3707 1305 3774; x_wconf 81' lang='lat' dir='ltr'><strong>vetustissImis</strong></span> 
     </span>
     <span class='ocr_line' id='line_1_34' title="bbox 211 3800 1082 3886; baseline 0.002 -22"><span class='ocrx_word' id='word_1_251' title='bbox 211 3800 394 3866; x_wconf 72' lang='lat' dir='ltr'><strong>cerimoniis</strong></span> <span class='ocrx_word' id='word_1_252' title='bbox 407 3802 582 3886; x_wconf 87' lang='lat' dir='ltr'><strong>praeditum,</strong></span> <span class='ocrx_word' id='word_1_253' title='bbox 598 3800 774 3866; x_wconf 87' lang='lat' dir='ltr'><strong>adtrectare</strong></span> <span class='ocrx_word' id='word_1_254' title='bbox 787 3801 894 3866; x_wconf 84' lang='lat' dir='ltr'><strong>feralis</strong></span> <span class='ocrx_word' id='word_1_255' title='bbox 909 3801 1082 3867; x_wconf 81' lang='lat' dir='ltr'><strong>debuisse.&#39;&#39;</strong></span> 
     </span>
    </p>

    <p class='ocr_par' dir='ltr' id='par_1_6' title="bbox 207 3899 1303 4388">
     <span class='ocr_line' id='line_1_35' title="bbox 256 3899 1302 3974; baseline 0.011 -11"><span class='ocrx_word' id='word_1_256' title='bbox 256 3899 391 3967; x_wconf 89' lang='lat' dir='ltr'><strong>LXIII.</strong></span> <span class='ocrx_word' id='word_1_257' title='bbox 423 3902 486 3967; x_wconf 88' lang='lat' dir='ltr'><strong>Sed</strong></span> <span class='ocrx_word' id='word_1_258' title='bbox 518 3902 723 3967; x_wconf 84' lang='lat' dir='ltr'><strong>Germanicus</strong></span> <span class='ocrx_word' id='word_1_259' title='bbox 761 3901 921 3965; x_wconf 88' lang='lat' dir='ltr'><strong>cedentem</strong></span> <span class='ocrx_word' id='word_1_260' title='bbox 958 3901 989 3965; x_wconf 92' lang='lat' dir='ltr'><strong>iu</strong></span> <span class='ocrx_word' id='word_1_261' title='bbox 1025 3902 1097 3969; x_wconf 84' lang='lat' dir='ltr'><strong>avia</strong></span> <span class='ocrx_word' id='word_1_262' title='bbox 1124 3904 1302 3974; x_wconf 86' lang='lat' dir='ltr'><strong>Arminium</strong></span> 
     </span>
     <span class='ocr_line' id='line_1_36' title="bbox 209 4001 1303 4092; baseline 0.009 -28"><span class='ocrx_word' id='word_1_263' title='bbox 209 4008 344 4080; x_wconf 89' lang='lat' dir='ltr'><strong>secutus,</strong></span> <span class='ocrx_word' id='word_1_264' title='bbox 370 4002 423 4067; x_wconf 92' lang='lat' dir='ltr'><strong>ubi</strong></span> <span class='ocrx_word' id='word_1_265' title='bbox 451 4002 585 4087; x_wconf 92' lang='lat' dir='ltr'><strong>primum</strong></span> <span class='ocrx_word' id='word_1_266' title='bbox 610 4002 701 4087; x_wconf 90' lang='lat' dir='ltr'><strong>copia</strong></span> <span class='ocrx_word' id='word_1_267' title='bbox 724 4002 794 4079; x_wconf 90' lang='lat' dir='ltr'><strong>fuit,</strong></span> <span class='ocrx_word' id='word_1_268' title='bbox 816 4002 905 4067; x_wconf 84' lang='lat' dir='ltr'><strong>evehi</strong></span> <span class='ocrx_word' id='word_1_269' title='bbox 932 4001 1060 4086; x_wconf 91' lang='lat' dir='ltr'><strong>equites,</strong></span> <span class='ocrx_word' id='word_1_270' title='bbox 1087 4026 1303 4092; x_wconf 88' lang='lat' dir='ltr'><strong>campumque,</strong></span> 
     </span>
     <span class='ocr_line' id='line_1_37' title="bbox 209 4099 1303 4191; baseline 0.009 -27"><span class='ocrx_word' id='word_1_271' title='bbox 209 4123 302 4184; x_wconf 91' lang='lat' dir='ltr'><strong>quem</strong></span> <span class='ocrx_word' id='word_1_272' title='bbox 320 4102 419 4167; x_wconf 90' lang='lat' dir='ltr'><strong>hostis</strong></span> <span class='ocrx_word' id='word_1_273' title='bbox 443 4102 609 4179; x_wconf 89' lang='lat' dir='ltr'><strong>insederat,</strong></span> <span class='ocrx_word' id='word_1_274' title='bbox 635 4102 712 4187; x_wconf 89' lang='lat' dir='ltr'><strong>eripi</strong></span> <span class='ocrx_word' id='word_1_275' title='bbox 721 4099 825 4188; x_wconf 90' lang='lat' dir='ltr'><strong>jubet.</strong></span> <span class='ocrx_word' id='word_1_276' title='bbox 877 4101 1039 4169; x_wconf 86' lang='lat' dir='ltr'><strong>Arminius</strong></span> <span class='ocrx_word' id='word_1_277' title='bbox 1057 4104 1158 4191; x_wconf 84' lang='lat' dir='ltr'><strong>colligo&#39;</strong></span> <span class='ocrx_word' id='word_1_278' title='bbox 1174 4129 1255 4181; x_wconf 90' lang='lat' dir='ltr'><strong>suos,</strong></span> <span class='ocrx_word' id='word_1_279' title='bbox 1270 4119 1303 4174; x_wconf 89' lang='lat' dir='ltr'><strong>et</strong></span> 
     </span>
     <span class='ocr_line' id='line_1_38' title="bbox 207 4200 1302 4293; baseline 0.007 -29"><span class='ocrx_word' id='word_1_280' title='bbox 207 4201 416 4287; x_wconf 87' lang='lat' dir='ltr'><strong>propinquare</strong></span> <span class='ocrx_word' id='word_1_281' title='bbox 437 4202 522 4268; x_wconf 86' lang='lat' dir='ltr'><strong>silvis</strong></span> <span class='ocrx_word' id='word_1_282' title='bbox 543 4200 687 4280; x_wconf 89' lang='lat' dir='ltr'><strong>monitos,</strong></span> <span class='ocrx_word' id='word_1_283' title='bbox 703 4203 797 4267; x_wconf 89' lang='lat' dir='ltr'><strong>vertit</strong></span> <span class='ocrx_word' id='word_1_284' title='bbox 820 4211 968 4288; x_wconf 86' lang='lat' dir='ltr'><strong>repente;</strong></span> <span class='ocrx_word' id='word_1_285' title='bbox 993 4226 1068 4269; x_wconf 84' lang='lat' dir='ltr'><strong>mox</strong></span> <span class='ocrx_word' id='word_1_286' title='bbox 1090 4207 1211 4291; x_wconf 89' lang='lat' dir='ltr'><strong>signum</strong></span> <span class='ocrx_word' id='word_1_287' title='bbox 1234 4232 1302 4293; x_wconf 80' lang='lat' dir='ltr'><strong>pro</strong></span> 
     </span>
     <span class='ocr_line' id='line_1_39' title="bbox 208 4302 1303 4388; baseline 0.007 -23"><span class='ocrx_word' id='word_1_288' title='bbox 208 4302 374 4387; x_wconf 89' lang='lat' dir='ltr'><strong>rumpendi</strong></span> <span class='ocrx_word' id='word_1_289' title='bbox 398 4302 485 4368; x_wconf 89' lang='lat' dir='ltr'><strong>dedit</strong></span> <span class='ocrx_word' id='word_1_290' title='bbox 508 4302 555 4379; x_wconf 89' lang='lat' dir='ltr'><strong>iis,</strong></span> <span class='ocrx_word' id='word_1_291' title='bbox 582 4325 658 4387; x_wconf 92' lang='lat' dir='ltr'><strong>quos</strong></span> <span class='ocrx_word' id='word_1_292' title='bbox 671 4326 726 4388; x_wconf 89' lang='lat' dir='ltr'><strong>per</strong></span> <span class='ocrx_word' id='word_1_293' title='bbox 740 4303 838 4368; x_wconf 90' lang='lat' dir='ltr'><strong>saltus</strong></span> <span class='ocrx_word' id='word_1_294' title='bbox 851 4304 1075 4371; x_wconf 80' lang='lat' dir='ltr'><strong>occultaverat.</strong></span> <span class='ocrx_word' id='word_1_295' title='bbox 1119 4306 1207 4371; x_wconf 88' lang='lat' dir='ltr'><strong>Tunc</strong></span> <span class='ocrx_word' id='word_1_296' title='bbox 1222 4330 1303 4373; x_wconf 84' lang='lat' dir='ltr'><strong>nova</strong></span> 
     </span>
    </p>
   </div>
   <div class='ocr_carea' id='block_1_4' title="bbox 205 4401 1301 4568">
    <p class='ocr_par' dir='ltr' id='par_1_7' title="bbox 205 4401 1301 4568">
     <span class='ocr_line' id='line_1_40' title="bbox 205 4401 1301 4492; baseline 0.005 -26"><span class='ocrx_word' id='word_1_297' title='bbox 205 4401 274 4466; x_wconf 89' lang='lat' dir='ltr'><strong>acie</strong></span> <span class='ocrx_word' id='word_1_298' title='bbox 289 4403 434 4469; x_wconf 87' lang='lat' dir='ltr'><strong>turbatus</strong></span> <span class='ocrx_word' id='word_1_299' title='bbox 447 4426 552 4489; x_wconf 88' lang='lat' dir='ltr'><strong>eques,</strong></span> <span class='ocrx_word' id='word_1_300' title='bbox 567 4403 729 4488; x_wconf 75' lang='lat' dir='ltr'><strong>missaque</strong></span> <span class='ocrx_word' id='word_1_301' title='bbox 744 4402 936 4469; x_wconf 81' lang='lat' dir='ltr'><strong>subsidiaria</strong></span> <span class='ocrx_word' id='word_1_302' title='bbox 957 4404 1110 4482; x_wconf 86' lang='lat' dir='ltr'><strong>cohortes,</strong></span> <span class='ocrx_word' id='word_1_303' title='bbox 1128 4415 1160 4470; x_wconf 92' lang='lat' dir='ltr'><strong>et</strong></span> <span class='ocrx_word' id='word_1_304' title='bbox 1180 4407 1301 4492; x_wconf 88' lang='lat' dir='ltr'><strong>fngien-</strong></span> 
     </span>
     <span class='ocr_line' id='line_1_41' title="bbox 1123 4506 1143 4568; baseline 0 0"><span class='ocrx_word' id='word_1_305' title='bbox 1123 4506 1143 4568; x_wconf 80' lang='grc' dir='ltr'><strong>Ιι</strong></span> 
     </span>
    </p>
   </div>
   <div class='ocr_carea' id='block_1_5' title="bbox 0 0 1628 5078">
    <p class='ocr_par' dir='ltr' id='par_1_8' title="bbox 0 0 1628 5078">
     <span class='ocr_line' id='line_1_42' title="bbox 0 0 1628 5078; baseline 0 7"><span class='ocrx_word' id='word_1_306' title='bbox 0 0 1628 5078; x_wconf 95' lang='lat' dir='ltr'><strong> </strong></span> 
     </span>
    </p>
   </div>
  </div>
 </body>
</html>
