3232 5100
617 460 898 517 nrlnneounnu.
1247 472 1294 517 XV

205 623 284 688 duae
298 622 479 688 audaciores
497 620 671 706 Lampeto*
687 628 720 684 et
737 620 927 706 Marpesiam
942 620 1130 706 principatui
1146 621 1297 707 subroga-

202 731 285 789 runt.
331 724 408 805 Quee
436 723 511 787 dum
538 743 643 786 curam
668 728 791 805 gerunt,
817 728 853 785 ut
881 721 1004 806 propria
1031 721 1243 799 defenderent,
1262 731 1294 787 et

203 824 304 888 aliena
317 830 487 898 vastarent,
504 821 614 888 sortito
631 819 784 907 Lampeto
798 820 923 900 restitit,
940 818 1017 887 fines
1033 821 1150 907 patrios
1166 822 1294 887 tuendo.

207 924 366 1009 Marpesia
379 946 452 988 vero
473 922 658 987 feminarum
674 921 797 1006 agmine
813 931 947 1005 sumpto,
963 944 1079 986 novum
1095 944 1192 1007 genae
1207 945 1295 986 exer·

204 1023 286 1089 citus
301 1024 392 1088 duxit
406 1024 438 1088 in
456 1022 578 1097 Asiam,
594 1020 793 1104 diversaeque
817 1031 926 1107 gentes
948 1022 1028 1086 bello
1042 1044 1200 1107 superans,
1216 1022 1295 1088 alias

203 1146 277 1188 vero
293 1146 369 1208 pace
380 1122 555 1198 concilians,
565 1121 606 1185 ad
620 1120 793 1187 Caucasum
804 1122 908 1186 venit:
927 1122 1030 1206 ibique
1042 1132 1161 1187 certum
1170 1130 1295 1207 tempus

183 1242 186 1248 ’
204 1222 378 1301 demorans,
388 1223 456 1288 loco
465 1244 578 1287 nomen
588 1220 684 1299 dedit,
696 1221 817 1293 Saxum
830 1221 1006 1307 Marpesia.
1030 1221 1292 1307 UndeVirgilius,

403 1383 421 1411 “
431 1380 516 1447 Quam
529 1379 550 1432 si
564 1379 628 1432 dura
639 1378 706 1432 silex
718 1389 763 1432 aut
774 1388 825 1433 etet
838 1379 968 1452 Marpesia
979 1379 1097 1434 cautee.”

206 1526 244 1590 ln
259 1549 295 1590 eo
309 1525 377 1590 loco
391 1525 446 1590 ubi
461 1531 530 1611 post
545 1524 612 1588 haec
626 1524 808 1589 Alexander
823 1523 960 1609 Magnus
974 1532 1081 1610 portas
1095 1528 1295 1605 constituens,

206 1626 303 1712 Pylae
325 1624 454 1710 Caspiae
475 1624 665 1689 nominavit:
690 1624 772 1708 quod
793 1646 875 1689 nnnc
898 1623 1051 1689 Lazorum
1068 1648 1144 1711 gene
1160 1627 1296 1693 custodit

205 1748 261 1811 pro
276 1724 447 1790 munitione
461 1724 614 1788 Romana.
659 1722 723 1788 Hic
737 1746 810 1810 ergo
825 1732 944 1789 certum
959 1726 1107 1811 temporie
1119 1728 1296 1793 Amazones

204 1832 437 1890 commanentes
458 1823 639 1888 confortata
662 1833 745 1888 eunt.
792 1824 886 1888 Unde
908 1848 1049 1910 egressa,
1072 1834 1105 1891 et
1120 1828 1219 1913 Alym
1234 1826 1290 1893 fln-

204 1926 301 2001 vium,
317 1924 369 2008 qui
379 1921 477 2010 juxta
492 1924 667 2008 Gargarum
689 1923 848 1988 civitatem
870 1923 1060 2009 preterfluit,
1085 1935 1293 2005 transeuntes,

206 2024 402 2100 Armeniam,
418 2023 553 2110 Syriam,
579 2021 791 2108 Ciliciamque,
817 2022 986 2099 Galatiam,
1012 2026 1173 2104 Pisidiam,
1197 2029 1295 2093 omni·

205 2146 285 2209 aque
301 2124 386 2189 Asia
400 2123 524 2208 oppida,
540 2145 629 2207 aequa
642 2123 791 2188 felicitate
808 2122 1013 2189 domuerunt:
1040 2126 1172 2205 Ionium,
1189 2128 1293 2193 AEoli·

205 2246 317 2307 amque
348 2246 512 2302 conversae,
538 2222 662 2288 deditae
692 2222 751 2288 sibi
784 2223 957 2308 provinciae
991 2224 1168 2292 effecerunt.
1227 2228 1311 2294 Ubi·

205 2323 323 2388 diutius
337 2323 541 2401 dominantes,
559 2323 654 2388 etiam
671 2322 814 2387 civitatee
831 2331 992 2407 castraque
1006 2348 1061 2390 suo
1076 2327 1192 2392 nomini
1210 2328 1296 2393 dica-

204 2432 325 2490 verunt.
371 2424 488 2510 Ephesi
502 2445 622 2508 quoque
636 2423 787 2508 templum
803 2422 926 2497 Diana,
940 2424 980 2488 ob
997 2426 1166 2510 sagittandi
1181 2450 1295 2493 venan-

205 2525 298 2608 dique
319 2524 468 2603 etudium,
491 2523 601 2608 quibus
623 2545 655 2588 ee
677 2522 797 2589 artibus
818 2523 1029 2600 tradidissent,
1048 2524 1152 2591 effusis
1173 2528 1293 2613 opibus,

204 2625 291 2689 mira
305 2624 544 2710 pulchritudinis
561 2623 776 2689 condiderunt.
821 2622 892 2688 Tali
914 2647 987 2710 ergo
1013 2623 1168 2712 Scythica
1190 2629 1293 2713 gentis

204 2723 326 2789 femina
341 2746 414 2790 casu
430 2724 515 2789 Aeiae
531 2746 625 2809 regno
640 2723 759 2808 potitae,
775 2732 970 2810 peruentum
985 2747 1063 2810 pene
1077 2748 1173 2792 annos
1188 2735 1295 2794 tenne·

204 2833 287 2901 runt,
314 2832 347 2889 et
376 2824 420 2890 sic
445 2825 571 2889 demum
594 2823 636 2889 ad
663 2825 802 2910 proprias
825 2825 924 2890 sociae
938 2824 970 2889 iu
985 2833 1092 2891 cautes
1110 2825 1292 2912 Marpesias,

204 2946 281 3008 quas
295 2925 434 3011 superius
460 2924 606 3001 diximus,
626 2923 823 3009 repedarunt,
850 2925 883 2989 in
906 2933 1044 2990 montem
1069 2926 1185 2991 scilicet
1211 2928 1294 2993 Cau·

204 3046 320 3090 casum.
361 3023 457 3110 Cujus
469 3024 593 3102 montis,
609 3024 681 3108 quia
694 3025 780 3089 facta
793 3025 906 3089 iterum
922 3026 1038 3090 mentio
1053 3034 1113 3102 est,
1127 3049 1189 3091 non
1204 3028 1244 3093 ab
1259 3053 1292 3094 re

205 3123 338 3189 arbitror
351 3123 417 3211 ejus
430 3133 567 3190 tractum
583 3125 737 3207 situmque
763 3124 946 3198 describere,
973 3126 1096 3208 quando
1123 3129 1292 3193 maximam

205 3231 326 3308 partem
347 3225 430 3290 orbis
450 3225 588 3292 noscitur
609 3225 737 3289 circuire
752 3221 832 3310 jugo
858 3225 1015 3290 continuo,
1075 3227 1230 3294 Caucasus
1251 3230 1292 3294 ab

207 3323 316 3388 Indico
339 3325 417 3389 mari
445 3347 582 3410 surgens,
606 3346 667 3407 qua
692 3324 852 3390 meridiem
874 3325 1009 3410 respicit,
1038 3325 1101 3390 sole
1127 3337 1294 3413 vaporatus

205 3422 349 3489 ardescit.
401 3424 471 3505 Qua
491 3424 692 3510 septentrioni
718 3432 817 3511 patet,
844 3425 1015 3510 rigentibus
1037 3427 1138 3492 ventis
1166 3437 1214 3493 eet
1241 3430 1294 3495 ob-

206 3524 319 3588 noxius
340 3530 375 3587 et
395 3523 522 3609 pruinis.
573 3524 652 3588 Mox
674 3525 706 3589 in
730 3524 855 3611 Syriam
877 3537 1005 3590 curvato
1020 3527 1133 3611 angulo
1148 3525 1291 3606 reflexus,

206 3623 279 3688 licet
300 3623 439 3689 amnium
462 3622 610 3709 plurimos
631 3623 766 3702 emittat,
789 3625 820 3689 in
839 3625 990 3690 Asianum
1013 3634 1119 3691 tamen
1136 3629 1292 3713 regionem

207 3723 370 3789 Eufratem
394 3724 572 3809 Tigrimque
594 3724 765 3808 navigeros,
785 3723 827 3789 ad
846 3725 1021 3810 opinionem
1037 3727 1206 3792 maximam
1224 3752 1291 3814 per·

204 3823 329 3888 ennium
352 3824 497 3898 fontium,
513 3823 645 3909 copiosis
666 3823 769 3888 iirndit
791 3824 947 3891 uberibus.
991 3826 1053 3907 Qui
1077 3828 1292 3913 amplexantes

205 3930 302 3989 terrae
317 3924 529 4012 Assyriorum,
547 3924 806 4009 Mesopotamiam
821 3926 968 4010 appellari
982 3926 1112 4004 faciunt,
1126 3935 1158 3991 et
1174 3928 1290 4005 videri3

205 4023 237 4088 in
261 4023 361 4089 sinum
383 4026 477 4090 marie
501 4024 600 4089 Rubri
624 4021 741 4089 fluenta
761 4024 960 4111 deponentes.
1007 4026 1096 4091 Tunc
1116 4027 1149 4091 in
1166 4028 1291 4094 boream

205 4132 371 4204 revertens,
388 4123 533 4210 Scythias
549 4133 660 4203 terras,
679 4123 792 4210 jugum
815 4126 989 4191 autefatum
1014 4128 1136 4212 magnis
1161 4125 1293 4195 flexibus

205 4232 407 4310 pervagatur:
432 4232 525 4308 atque
550 4224 666 4290 ibidem
694 4225 908 4309 opinatissima
932 4224 1060 4291 flumina
1084 4229 1117 4293 in
1146 4227 1292 4315 Caspium

204 4346 290 4389 mare
304 4324 501 4409 profundens,
519 4323 668 4402 Araxem,
685 4323 828 4410 Cyneum,
851 4333 883 4388 et
906 4325 1091 4411 Cambysen,
1113 4330 1293 4393 continuato

333 4453 347 4478 ⁴
362 4450 425 4503 This
436 4451 458 4503 ie
467 4449 511 4503 the
523 4468 598 4504 name
606 4451 636 4504 ol
644 4469 692 4504 one
704 4451 734 4504 oi
742 4451 787 4504 tbe
798 4452 912 4521 riregoee
924 4451 954 4504 of
962 4452 1006 4505 the
1021 4451 1171 4521 basiatore.
