3246 5078
313 427 419 500 xcviii
583 438 660 494 nna
682 437 864 494 sannaus
890 436 938 492 or
962 435 1129 491 plorans.

313 601 394 666 tium
415 600 538 687 agmine
560 598 710 684 impulsa,
733 605 887 663 auxerant
909 598 1210 665 consternationem:
1237 595 1408 662 trudeban-

315 709 427 785 turque
451 701 484 765 in
509 697 656 785 paludem
680 721 810 785 gnaram
833 698 1039 778 vincentibus,
1065 698 1205 783 iniquam
1229 697 1349 775 nesciis,
1375 697 1408 761 ni

317 800 424 866 Oaesar
449 800 618 887 productas
641 797 777 883 legiones
797 798 1014 864 instruxisset:
1040 799 1112 864 inde
1137 798 1279 864 hostibus
1296 805 1408 871 terror,

316 899 431 966 fiducia
445 900 558 966 militi:
584 907 616 963 et
629 897 773 964 manibus
787 900 882 983 aequis
896 900 1083 965 abscessum.
1130 900 1211 965 Mox
1225 897 1355 964 reducto
1368 896 1410 962 ad

318 1001 474 1067 Amisiam
500 999 650 1076 exercitu,
677 999 813 1085 legiones
840 999 947 1077 classe,
976 1007 1014 1064 ut
1041 999 1225 1076 advexerat,
1258 1004 1409 1084 reportat.

319 1101 400 1167 Pars
426 1101 566 1186 equitnm
593 1100 684 1164 litore
707 1099 825 1165 Oceani
847 1107 952 1186 petere
967 1099 1113 1165 Rhenum
1123 1097 1222 1187 jussa.
1274 1097 1410 1175 Gaecina,

319 1201 372 1285 qni
386 1224 476 1267 suum
491 1199 623 1266 militem
636 1198 781 1279 ducebat,
794 1199 940 1278 monitus,
955 1223 1143 1285 quamquam
1155 1201 1238 1265 notis
1249 1198 1413 1264 itineribus

319 1301 544 1387 regrederetur,
560 1308 671 1386 pontes
693 1301 801 1386 longos
823 1322 917 1385 qnam
938 1301 1122 1366 maturrime
1144 1322 1299 1386 superare.
1343 1299 1411 1362 An·

319 1409 431 1487 gustus
456 1401 484 1467 is
511 1409 637 1478 trames,
663 1408 768 1466 vastas
795 1401 877 1466 inter
903 1400 1043 1487 paludes,
1073 1409 1106 1466 et
1134 1400 1292 1485 quondam
1319 1421 1340 1464 a
1371 1398 1411 1463 L.

321 1501 462 1566 Domitio
485 1509 670 1588 aggeratae:
695 1509 799 1567 cetera
825 1501 945 1578 limosa,
972 1502 1096 1567 tenacia
1117 1501 1206 1587 gravi
1234 1522 1329 1579 coeno,
1357 1508 1414 1565 aut

322 1601 398 1668 rivis
423 1601 542 1667 incerta
567 1608 675 1667 erant:
708 1601 824 1666 circum
849 1600 934 1666 silva
962 1601 1125 1686 paullatim
1151 1600 1306 1676 adclinem
1338 1622 1415 1685 quas

321 1710 390 1767 tum
405 1701 568 1767 Arminius
590 1701 742 1787 implevit,
767 1700 957 1787 compendiis
975 1702 1107 1779 viarum,
1131 1711 1164 1767 et
1189 1702 1253 1767 cito
1277 1702 1414 1787 agmine,

321 1809 467 1868 onustum
492 1801 619 1868 sarcinis
642 1802 796 1886 armisque
821 1801 952 1866 militem
978 1824 1050 1867 cum
1074 1802 1294 1868 antevenisset.
1347 1798 1414 1865 Gar-

322 1902 409 1980 cinae,
426 1901 584 1967 dubitanti
611 1924 746 1986 quonam
769 1902 862 1967 modo
887 1908 995 1986 ruptos
1009 1909 1166 1968 vetustate
1190 1911 1302 1988 pontes
1323 1923 1414 1986 repo·

322 2010 421 2079 neret,
449 2002 601 2086 dmulqne
634 2001 828 2088 propulsaret
865 2001 997 2079 hostem,
1027 2001 1244 2069 castrametari
1279 2003 1312 2067 in
1348 2002 1415 2066 loco

323 2101 440 2189 placuit
453 2128 462 2178 ;
486 2109 524 2168 ut
537 2125 625 2188 opus,
641 2101 741 2167 etalii
758 2102 897 2189 proelium
912 2102 1093 2188 inciperent.

369 2201 500 2270 LXIV.
523 2202 654 2268 Barbari
674 2201 863 2289 perfringere
887 2203 1047 2281 stationes,
1063 2226 1157 2288 seque
1180 2202 1293 2268 inferre
1316 2201 1417 2266 muni-

323 2302 444 2368 toribus
465 2302 533 2381 nisi,
550 2303 717 2380 lacessunt,
734 2302 1043 2389 circumgrediuntur‚
1061 2310 1245 2369 occursant:
1269 2302 1417 2367 miscetur

324 2402 520 2489 operantium
534 2402 777 2488 bellantiumque
792 2403 927 2468 elamor:
954 2413 987 2469 et
1004 2410 1118 2469 cuncta
1131 2403 1248 2491 pariter
1267 2402 1419 2468 Romanis

324 2504 476 2578 adversa3
500 2503 586 2570 locus
607 2502 723 2590 uligine
744 2504 906 2590 profunda,
930 2503 1014 2569 idem
1035 2503 1077 2569 ad
1098 2503 1230 2591 gradum
1252 2502 1418 2580 instabilis,

325 2604 566 2690 procedentibus
588 2604 747 2677 lubricus;
775 2626 907 2690 corpora
926 2605 1035 2690 gravia
1059 2604 1171 2683 loricis,
1188 2627 1288 2689 neque
1305 2602 1418 2668 librare

326 2705 390 2791 pila
416 2705 498 2770 inter
524 2703 625 2770 undas
656 2712 812 2788 poterant.
872 2703 990 2770 Contra
1023 2705 1185 2772 Cheruscis
1215 2712 1305 2771 sueta
1333 2702 1418 2789 apud

327 2804 457 2889 paludes
481 2804 597 2890 proelia,
621 2826 750 2889 procera
773 2805 922 2885 membra,
943 2806 1044 2870 hastae
1068 2806 1211 2892 ingentes
1233 2805 1275 2871 ad
1289 2804 1419 2869 vulnera

326 2903 478 2981 facienda,
492 2903 632 2987 quamvis
644 2903 769 2988 procul:
788 2926 852 2970 nox
865 2905 990 2972 demum
1003 2906 1187 2973 inclinantes
1199 2913 1268 2971 tum
1282 2904 1420 2991 legiones

328 3001 466 3068 adversa
488 3025 599 3090 pugna
621 3003 750 3070 exemit.
801 3005 950 3071 Germani
972 3007 1012 3072 ob
1034 3029 1181 3093 prospera
1201 3004 1356 3083 indefessi,
1379 3027 1419 3069 ne

328 3111 397 3167 tum
419 3102 544 3188 quidem
563 3112 690 3190 sumpta
711 3104 826 3189 quiete,
842 3114 994 3191 quantum
1009 3130 1159 3192 aquarum
1176 3106 1420 3191 circumsurgen-

328 3203 414 3269 tibus
434 3201 521 3291 jugis
549 3205 659 3281 oritur,
686 3214 806 3271 vertere
832 3207 863 3272 in
887 3205 1048 3294 subjecta:
1075 3230 1237 3293 mersaque
1259 3207 1365 3284 humo,
1387 3212 1420 3270 et

328 3303 441 3369 obruto
455 3304 539 3390 quod
553 3304 698 3370 effectum
712 3305 825 3392 operis,
840 3306 1017 3392 duplicatus
1029 3307 1121 3373 militi
1136 3308 1235 3372 labor.
1281 3306 1422 3389 Quadra·

329 3405 481 3490 gesimam
514 3405 547 3470 id
580 3405 770 3491 stipendium
805 3404 929 3472 Caecina
961 3406 1091 3494 parendi
1128 3415 1184 3473 ant
1221 3405 1421 3493 imperitandi

330 3505 487 3571 habebat:
520 3507 726 3572 secundarum
755 3507 1033 3593 ambiguarumque
1059 3530 1164 3573 rerum
1189 3508 1298 3585 sciens,
1325 3528 1422 3591 eoque

329 3605 500 3673 interritus.
560 3607 663 3693 Igitur
685 3608 793 3672 htura
814 3607 951 3686 volvens,
977 3631 1039 3673 non
1062 3607 1148 3673 alind
1174 3607 1298 3693 reperit,
1327 3629 1422 3691 quam

328 3712 365 3771 ut
387 3705 510 3772 hostem
527 3707 613 3773 silvis
627 3715 792 3787 coerceret,
810 3707 910 3773 donee
923 3708 1030 3786 sancii,
1046 3716 1258 3793 quantumque
1272 3707 1424 3793 gravioris

329 3805 470 3892 agminis,
487 3808 661 3873 anteirent:
686 3831 760 3873 nam
776 3808 881 3873 medio
895 3808 1049 3874 montium
1065 3815 1098 3873 et
1113 3807 1262 3894 paludum
1286 3806 1422 3893 porrige-

329 3906 424 3972 batur
448 3907 604 3992 planicies,
632 3930 702 3992 quae
730 3917 856 3974 tenuem
884 3909 983 3974 aciem
1006 3917 1178 3995 pateretur.
1232 3907 1423 3994 Deliguntur

330 4007 476 4092 legiones,
504 4006 613 4092 quinta
635 4008 747 4073 dextro
762 4008 873 4083 lateri;
897 4009 1142 4075 unaetvicesima
1155 4009 1186 4074 in
1202 4008 1336 4084 laevnm3
1360 4008 1421 4094 pri·

330 4107 415 4172 mani
431 4107 607 4172 ducendum
621 4109 662 4173 ad
678 4130 810 4193 agmen;
835 4108 1041 4176 vicesimanus
1055 4109 1221 4176 adversum
1237 4115 1407 4176 secuturos.

375 4206 487 4273 LXV.
511 4205 583 4273 Nox
595 4230 652 4294 per
670 4208 793 4274 diversa
814 4209 952 4293 inquies:
973 4233 1044 4275 curn
1057 4210 1182 4276 barbari
1202 4210 1291 4276 festis
1315 4208 1423 4296 epulis,

329 4309 402 4374 lato
421 4317 526 4387 cantu,
541 4317 598 4373 aut
621 4308 702 4374 truci
727 4330 836 4374 sonore
861 4307 1004 4397 subjecta
1025 4310 1154 4376 vallium
1177 4333 1216 4375 ac
1237 4310 1424 4377 resultantes

328 4409 427 4476 saltus
442 4409 652 4495 complerent;
675 4409 760 4496 apud
783 4409 941 4476 Romanos
961 4410 1091 4476 invalidi
1115 4411 1211 4496 ignes,
1239 4411 1422 4495 interrupta
