3264 5086
544 439 644 495 noro
669 438 721 495 on
745 436 905 494 sncrrou
932 433 1008 490 xxr.
1272 410 1316 484 71

232 608 390 690 tumque,
425 605 599 691 qnantum
630 596 674 668 ad
708 598 768 690 jus
802 595 958 689 hospitii,
992 613 1098 662 nomo
1141 585 1320 657 discernit.

232 714 405 797 Abeunti,
435 714 464 785 si
505 714 590 806 quid
632 715 844 808 poposcerit,
878 710 1072 783 concedere
1117 704 1244 774 moris:
1283 710 1322 770 et

231 832 399 924 poscendi
426 831 580 901 invicem
603 831 729 901 eadem
755 830 917 901 facilitas.
968 825 1137 898 Gaudent
1168 818 1323 889 muneri·

233 949 322 1019 bus:
347 949 408 1018 sed
425 970 491 1018 nec
508 948 592 1019 data
608 948 801 1040 imputant,
819 969 885 1017 uec
902 945 1058 1039 acceptis
1076 940 1289 1033 obligantur.

604 1154 678 1195 ΝΟΜ
698 1152 735 1194 ΟΝ
756 1151 873 1194 scenos
893 1151 957 1191 xx1.

274 1295 284 1329 ¹
305 1285 779 1368 Suscipere-inimicitica]-The
792 1287 919 1364 liability
928 1286 966 1355 'ol'
976 1286 1088 1364 private
1107 1282 1244 1362 quarrels,
1258 1277 1324 1349 and,

234 1386 362 1464 perhaps,
383 1406 453 1445 eren
475 1386 525 1445 thc
546 1384 722 1464 recognition
742 1384 775 1444 cf
791 1384 841 1444 the
861 1383 941 1462 right
960 1385 992 1442 cf
1009 1383 1121 1462 private
1141 1378 1258 1439 waslare
1282 1376 1326 1435 in·

234 1484 335 1542 volred
353 1484 385 1543 in
398 1484 458 1543 this
471 1491 590 1556 custom,
603 1503 722 1562 appears
735 1489 766 1541 at
786 1480 836 1542 the
849 1481 1007 1561 beginning
1019 1481 1053 1540 of
1069 1479 1119 1539 the
1132 1476 1208 1557 legal
1226 1473 1326 1556 period

235 1582 326 1641 under
339 1602 415 1641 some
427 1582 500 1641 form
514 1580 547 1640 cf
555 1579 605 1639 the
619 1589 681 1639 root
688 1582 745 1657 sd.

277 1681 313 1739 In
327 1679 376 1738 the
390 1679 502 1738 Friaian
517 1678 596 1738 lawa
610 1677 664 1758 (xi.
680 1679 722 1757 2),
736 1678 786 1738 the
798 1678 871 1737 form
885 1678 910 1737 is
915 1679 1127 1755 foeldc=seud

276 1776 382 1836 Faehde
402 1776 526 1835 itselfis
549 1796 567 1834 a
590 1775 749 1835 derivaticn
774 1776 806 1834 cf
818 1773 1103 1853 fd=fcc=Saxona
1130 1774 1162 1831 in
1186 1766 1319 1848 Ilnglcnd

235 1874 316 1952 chap.
332 1895 361 1933 x.

289 2289 423 2361 XXII.
454 2288 585 2362 Victus
606 2290 700 2360 inter
726 2291 884 2384 hospites
905 2292 1025 2362 comis.
1073 2289 1204 2362 Statim
1231 2314 1252 2362 e
1279 2314 1331 2361 sc

239 2431 335 2491 mno,
362 2428 468 2501 quem
495 2406 703 2500 plerumque
729 2409 767 2478 in
790 2409 884 2478 diem
913 2409 1118 2492 extrahunt,
1145 2407 1331 2490 lavantur,¹

240 2526 368 2618 saepids
395 2523 520 2608 calidi,
538 2535 580 2596 ut
598 2526 690 2618 apud
713 2549 801 2619 quos
822 2526 1018 2620 plurimum
1036 2527 1152 2597 hiems
1170 2533 1331 2618 occupat.

242 2642 360 2725 Lauti,
378 2642 498 2713 cibum
515 2644 683 2735 copiunt:
715 2654 884 2737 separata
907 2644 1056 2738 singulis
1081 2643 1192 2725 sedes,
1211 2652 1249 2713 et
1270 2663 1334 2712 sua

240 2760 367 2851 cuique
391 2781 524 2830 mensa.
575 2758 667 2828 Tum
694 2759 739 2829 ad
767 2762 921 2854 negotia,
939 2783 1006 2830 nec
1026 2761 1144 2830 minus
1170 2780 1262 2851 saepe
1288 2757 1334 2828 ad

240 2876 400 2946 convivia
432 2863 629 2969 procedunt
662 2877 801 2946 armati.
862 2876 970 2947 Diem
1002 2885 1218 2969 noctemque
1250 2898 1334 2945 con-

241 2994 379 3064 tinuare
413 2992 581 3086 potando,
610 2993 701 3063 nulli
735 2993 915 3086 probrum.
976 2993 1128 3076 Crebrae,
1160 3001 1202 3063 ut
1240 2993 1336 3063 inter

241 3109 441 3180 vinolentos
464 3109 559 3193 rixae,
575 3107 656 3180 rard
685 3112 864 3192 conviciis,
882 3111 1008 3204 saepiirs
1035 3112 1131 3182 caede
1155 3121 1194 3182 et
1210 3111 1334 3181 vulne-

241 3227 338 3297 ribus
359 3228 613 3321 transiguntur.
666 3226 739 3298 Sed
762 3237 801 3299 et
826 3228 871 3299 dc
894 3227 1163 3299 reconciliandis
1179 3227 1334 3298 invicem

241 3344 404 3426 inimicis,
438 3351 477 3414 et
507 3343 701 3437 jungendis
740 3344 993 3428 adfinitatibus,
1027 3352 1065 3416 et
1098 3344 1334 3416 adsciscendis

240 3455 468 3554 principibus,
496 3461 541 3530 de
567 3483 655 3553 pace
683 3461 835 3554 denique
863 3484 904 3533 ac
933 3461 1029 3533 bello
1058 3461 1268 3555 plerumque
1293 3464 1331 3533 in

241 3578 411 3650 conviviis
434 3577 656 3649 consultant:
691 3587 874 3671 tamquam
904 3578 1005 3650 nullo
1033 3579 1145 3671 magis
1171 3588 1333 3672 tempore

241 3705 304 3767 aut
331 3696 376 3767 sd
403 3693 582 3787 simplices
611 3694 844 3789 cogitationes
870 3704 993 3790 pateat
1022 3695 1172 3780 animus,
1195 3703 1259 3766 aut
1288 3696 1334 3766 ad

241 3834 387 3906 magnas
419 3812 622 3882 incalescat.
692 3809 791 3883 Gens
823 3834 897 3883 non
930 3819 1059 3895 astuta,
1094 3834 1161 3882 nec
1194 3812 1333 3895 callida,

241 3930 356 4021 aperit
380 3928 496 3999 adhuc
521 3936 658 3999 secreta
674 3929 835 4021 pectoris,
852 3927 999 3999 licentii
1014 3929 1100 4021 joci.
1153 3928 1249 4023 Ergo
1274 3930 1334 4000 de·

241 4052 338 4116 tecta
363 4053 401 4114 et
417 4046 514 4116 nuda
538 4046 699 4116 omnium
724 4069 834 4130 mens,
851 4045 994 4140 posteris
1017 4048 1074 4117 die
1097 4053 1334 4131 retractatum

156 4210 160 4215 «
241 4170 280 4231 ct
313 4161 410 4232 selva
442 4163 625 4254 utriusque
657 4164 828 4257 temporis
860 4164 951 4235 ratio
985 4175 1051 4235 est.
1112 4162 1334 4248 Deliberant,

242 4277 327 4348 dum
358 4277 493 4371 lingere
519 4281 703 4352 nesciunt:
737 4280 970 4363 constituunt,
998 4281 1084 4351 dum
1115 4304 1230 4351 errare
1263 4302 1334 4350 non

242 4402 400 4488 possunt.
