<?xml version="1.0" encoding="UTF-8"?>
<!DOCTYPE html PUBLIC "-//W3C//DTD XHTML 1.0 Transitional//EN"
    "http://www.w3.org/TR/xhtml1/DTD/xhtml1-transitional.dtd">
<html xmlns="http://www.w3.org/1999/xhtml" xml:lang="en" lang="en">
 <head>
  <title>
</title>
<meta http-equiv="Content-Type" content="text/html;charset=utf-8" />
  <meta name='ocr-system' content='tesseract 3.04.00' />
  <meta name='ocr-capabilities' content='ocr_page ocr_carea ocr_par ocr_line ocrx_word'/>
</head>
<body>
  <div class='ocr_page' id='page_1' title='image "./germaniatacitus02lathgoog/germaniatacitus02lathgoog_0143.png"; bbox 0 0 3246 5078; ppageno 0'>
   <div class='ocr_carea' id='block_1_1' title="bbox 282 410 1105 482">
    <p class='ocr_par' dir='ltr' id='par_1_1' title="bbox 282 410 1105 482">
     <span class='ocr_line' id='line_1_1' title="bbox 282 410 1105 482; baseline 0.001 -1"><span class='ocrx_word' id='word_1_1' title='bbox 282 410 416 481; x_wconf 82' lang='lat' dir='ltr'>cxxviii</span> <span class='ocrx_word' id='word_1_2' title='bbox 554 424 633 481; x_wconf 84' lang='lat' dir='ltr'>run</span> <span class='ocrx_word' id='word_1_3' title='bbox 657 424 839 481; x_wconf 72' lang='lat' dir='ltr'>nanneni</span> <span class='ocrx_word' id='word_1_4' title='bbox 866 422 914 481; x_wconf 85' lang='lat' dir='ltr'>or</span> <span class='ocrx_word' id='word_1_5' title='bbox 939 425 1105 482; x_wconf 72' lang='lat' dir='ltr'>ricinus</span> 
     </span>
    </p>
   </div>
   <div class='ocr_carea' id='block_1_2' title="bbox 273 584 1381 3282">
    <p class='ocr_par' dir='ltr' id='par_1_2' title="bbox 273 584 1381 2481">
     <span class='ocr_line' id='line_1_2' title="bbox 283 584 1381 678; baseline 0.002 -26"><span class='ocrx_word' id='word_1_6' title='bbox 283 587 479 653; x_wconf 78' lang='lat' dir='ltr'>Germanica</span> <span class='ocrx_word' id='word_1_7' title='bbox 502 585 647 651; x_wconf 90' lang='lat' dir='ltr'>accolunt</span> <span class='ocrx_word' id='word_1_8' title='bbox 675 592 785 672; x_wconf 81' lang='lat' dir='ltr'>gentes</span> <span class='ocrx_word' id='word_1_9' title='bbox 808 584 894 650; x_wconf 86' lang='lat' dir='ltr'>haud</span> <span class='ocrx_word' id='word_1_10' title='bbox 917 585 1095 678; x_wconf 75' lang='lat' dir='ltr'>explicabili</span> <span class='ocrx_word' id='word_1_11' title='bbox 1119 609 1286 653; x_wconf 87' lang='lat' dir='ltr'>mensura:</span> <span class='ocrx_word' id='word_1_12' title='bbox 1314 597 1381 654; x_wconf 90' lang='lat' dir='ltr'>tam</span> 
     </span>
     <span class='ocr_line' id='line_1_3' title="bbox 281 685 1378 773; baseline 0.002 -21"><span class='ocrx_word' id='word_1_13' title='bbox 281 687 450 753; x_wconf 87' lang='lat' dir='ltr'>immodica</span> <span class='ocrx_word' id='word_1_14' title='bbox 465 686 662 773; x_wconf 70' lang='lat' dir='ltr'>prodentium</span> <span class='ocrx_word' id='word_1_15' title='bbox 678 685 834 750; x_wconf 90' lang='lat' dir='ltr'>discordia</span> <span class='ocrx_word' id='word_1_16' title='bbox 850 694 910 752; x_wconf 89' lang='lat' dir='ltr'>est.</span> <span class='ocrx_word' id='word_1_17' title='bbox 960 685 1064 752; x_wconf 71' lang='lat' dir='ltr'>Cruci</span> <span class='ocrx_word' id='word_1_18' title='bbox 1079 695 1112 753; x_wconf 90' lang='lat' dir='ltr'>et</span> <span class='ocrx_word' id='word_1_19' title='bbox 1126 687 1253 772; x_wconf 85' lang='lat' dir='ltr'>quidam</span> <span class='ocrx_word' id='word_1_20' title='bbox 1270 689 1378 767; x_wconf 86' lang='lat' dir='ltr'>nostri,</span> 
     </span>
     <span class='ocr_line' id='line_1_4' title="bbox 282 785 1381 872; baseline 0.001 -19"><span class='ocrx_word' id='word_1_21' title='bbox 282 788 377 854; x_wconf 81' lang='lat' dir='ltr'>vicies</span> <span class='ocrx_word' id='word_1_22' title='bbox 392 787 554 871; x_wconf 86' lang='lat' dir='ltr'>quinquies</span> <span class='ocrx_word' id='word_1_23' title='bbox 575 794 708 851; x_wconf 87' lang='lat' dir='ltr'>centena</span> <span class='ocrx_word' id='word_1_24' title='bbox 728 785 827 850; x_wconf 89' lang='lat' dir='ltr'>millia</span> <span class='ocrx_word' id='word_1_25' title='bbox 852 808 999 872; x_wconf 80' lang='lat' dir='ltr'>passuum</span> <span class='ocrx_word' id='word_1_26' title='bbox 1021 810 1108 852; x_wconf 89' lang='lat' dir='ltr'>oram</span> <span class='ocrx_word' id='word_1_27' title='bbox 1124 787 1300 854; x_wconf 75' lang='lat' dir='ltr'>Germania</span> <span class='ocrx_word' id='word_1_28' title='bbox 1317 797 1381 854; x_wconf 89' lang='lat' dir='ltr'>tra·</span> 
     </span>
     <span class='ocr_line' id='line_1_5' title="bbox 283 885 1380 974; baseline 0.002 -22"><span class='ocrx_word' id='word_1_29' title='bbox 283 888 442 953; x_wconf 85' lang='lat' dir='ltr'>diderunt.</span> <span class='ocrx_word' id='word_1_30' title='bbox 508 887 651 973; x_wconf 79' lang='lat' dir='ltr'>Agrippa</span> <span class='ocrx_word' id='word_1_31' title='bbox 681 909 752 951; x_wconf 89' lang='lat' dir='ltr'>curn</span> <span class='ocrx_word' id='word_1_32' title='bbox 785 885 912 951; x_wconf 78' lang='lat' dir='ltr'>Rhatia</span> <span class='ocrx_word' id='word_1_33' title='bbox 941 896 975 951; x_wconf 88' lang='lat' dir='ltr'>et</span> <span class='ocrx_word' id='word_1_34' title='bbox 1004 886 1121 952; x_wconf 91' lang='lat' dir='ltr'>Norico</span> <span class='ocrx_word' id='word_1_35' title='bbox 1152 887 1380 974; x_wconf 80' lang='lat' dir='ltr'>longitudinem</span> 
     </span>
     <span class='ocr_line' id='line_1_6' title="bbox 283 986 1379 1073; baseline 0.002 -20"><span class='ocrx_word' id='word_1_36' title='bbox 283 1011 476 1053; x_wconf 78' lang='lat' dir='ltr'>muxxxxvr.</span> <span class='ocrx_word' id='word_1_37' title='bbox 497 986 596 1053; x_wconf 87' lang='lat' dir='ltr'>millia</span> <span class='ocrx_word' id='word_1_38' title='bbox 617 1009 775 1073; x_wconf 78' lang='lat' dir='ltr'>passuum,</span> <span class='ocrx_word' id='word_1_39' title='bbox 792 986 993 1052; x_wconf 86' lang='lat' dir='ltr'>latitudinem</span> <span class='ocrx_word' id='word_1_40' title='bbox 1008 1011 1135 1053; x_wconf 80' lang='lat' dir='ltr'>cxnvur.</span> <span class='ocrx_word' id='word_1_41' title='bbox 1181 988 1230 1053; x_wconf 87' lang='lat' dir='ltr'>M.</span> <span class='ocrx_word' id='word_1_42' title='bbox 1246 989 1379 1055; x_wconf 80' lang='lat' dir='ltr'>Rhaetiae</span> 
     </span>
     <span class='ocr_line' id='line_1_7' title="bbox 283 1085 1380 1176; baseline 0.003 -23"><span class='ocrx_word' id='word_1_43' title='bbox 283 1111 380 1176; x_wconf 86' lang='lat' dir='ltr'>prope</span> <span class='ocrx_word' id='word_1_44' title='bbox 411 1088 504 1154; x_wconf 89' lang='lat' dir='ltr'>unius</span> <span class='ocrx_word' id='word_1_45' title='bbox 532 1085 650 1175; x_wconf 84' lang='lat' dir='ltr'>majore</span> <span class='ocrx_word' id='word_1_46' title='bbox 681 1085 858 1165; x_wconf 90' lang='lat' dir='ltr'>latitudine,</span> <span class='ocrx_word' id='word_1_47' title='bbox 887 1109 961 1152; x_wconf 90' lang='lat' dir='ltr'>sane</span> <span class='ocrx_word' id='word_1_48' title='bbox 998 1087 1081 1153; x_wconf 90' lang='lat' dir='ltr'>circa</span> <span class='ocrx_word' id='word_1_49' title='bbox 1116 1110 1278 1154; x_wconf 84' lang='lat' dir='ltr'>excessum</span> <span class='ocrx_word' id='word_1_50' title='bbox 1312 1091 1380 1175; x_wconf 86' lang='lat' dir='ltr'>ejus</span> 
     </span>
     <span class='ocr_line' id='line_1_8' title="bbox 282 1186 1377 1273; baseline 0 -19"><span class='ocrx_word' id='word_1_51' title='bbox 282 1190 432 1255; x_wconf 78' lang='lat' dir='ltr'>subacta.</span> <span class='ocrx_word' id='word_1_52' title='bbox 489 1188 572 1254; x_wconf 89' lang='lat' dir='ltr'>Nam</span> <span class='ocrx_word' id='word_1_53' title='bbox 606 1186 777 1253; x_wconf 75' lang='lat' dir='ltr'>Germania</span> <span class='ocrx_word' id='word_1_54' title='bbox 804 1187 913 1252; x_wconf 91' lang='lat' dir='ltr'>multis</span> <span class='ocrx_word' id='word_1_55' title='bbox 941 1196 1050 1273; x_wconf 87' lang='lat' dir='ltr'>postea</span> <span class='ocrx_word' id='word_1_56' title='bbox 1080 1187 1178 1266; x_wconf 90' lang='lat' dir='ltr'>annis,</span> <span class='ocrx_word' id='word_1_57' title='bbox 1209 1211 1268 1253; x_wconf 86' lang='lat' dir='ltr'>nec</span> <span class='ocrx_word' id='word_1_58' title='bbox 1299 1198 1377 1267; x_wconf 85' lang='lat' dir='ltr'>tota,</span> 
     </span>
     <span class='ocr_line' id='line_1_9' title="bbox 282 1285 1378 1375; baseline 0.001 -21"><span class='ocrx_word' id='word_1_59' title='bbox 282 1289 464 1375; x_wconf 81' lang='lat' dir='ltr'>percognita</span> <span class='ocrx_word' id='word_1_60' title='bbox 481 1296 540 1355; x_wconf 87' lang='lat' dir='ltr'>est.</span> <span class='ocrx_word' id='word_1_61' title='bbox 586 1287 621 1353; x_wconf 87' lang='lat' dir='ltr'>Si</span> <span class='ocrx_word' id='word_1_62' title='bbox 636 1285 811 1375; x_wconf 84' lang='lat' dir='ltr'>conjectare</span> <span class='ocrx_word' id='word_1_63' title='bbox 834 1288 1038 1373; x_wconf 85' lang='lat' dir='ltr'>permittitur,</span> <span class='ocrx_word' id='word_1_64' title='bbox 1053 1288 1140 1354; x_wconf 85' lang='lat' dir='ltr'>haud</span> <span class='ocrx_word' id='word_1_65' title='bbox 1161 1289 1295 1354; x_wconf 92' lang='lat' dir='ltr'>multum</span> <span class='ocrx_word' id='word_1_66' title='bbox 1315 1313 1378 1355; x_wconf 78' lang='lat' dir='ltr'>ora</span> 
     </span>
     <span class='ocr_line' id='line_1_10' title="bbox 282 1387 1376 1475; baseline 0.005 -22"><span class='ocrx_word' id='word_1_67' title='bbox 282 1389 382 1456; x_wconf 89' lang='lat' dir='ltr'>deerit</span> <span class='ocrx_word' id='word_1_68' title='bbox 398 1390 579 1454; x_wconf 84' lang='lat' dir='ltr'>Craecorum</span> <span class='ocrx_word' id='word_1_69' title='bbox 595 1388 749 1475; x_wconf 88' lang='lat' dir='ltr'>opinione,</span> <span class='ocrx_word' id='word_1_70' title='bbox 767 1396 799 1453; x_wconf 91' lang='lat' dir='ltr'>et</span> <span class='ocrx_word' id='word_1_71' title='bbox 814 1387 1002 1474; x_wconf 86' lang='lat' dir='ltr'>longitudini</span> <span class='ocrx_word' id='word_1_72' title='bbox 1019 1389 1060 1454; x_wconf 91' lang='lat' dir='ltr'>ab</span> <span class='ocrx_word' id='word_1_73' title='bbox 1077 1389 1221 1475; x_wconf 87' lang='lat' dir='ltr'>Agrippa</span> <span class='ocrx_word' id='word_1_74' title='bbox 1234 1389 1376 1474; x_wconf 77' lang='lat' dir='ltr'>prodita.</span> 
     </span>
     <span class='ocr_line' id='line_1_11' title="bbox 281 1487 1377 1577; baseline 0.001 -24"><span class='ocrx_word' id='word_1_75' title='bbox 281 1489 512 1555; x_wconf 86' lang='lat' dir='ltr'>Germanorum</span> <span class='ocrx_word' id='word_1_76' title='bbox 541 1512 656 1577; x_wconf 86' lang='lat' dir='ltr'>genera</span> <span class='ocrx_word' id='word_1_77' title='bbox 681 1489 837 1574; x_wconf 89' lang='lat' dir='ltr'>quinque:</span> <span class='ocrx_word' id='word_1_78' title='bbox 873 1487 1016 1563; x_wconf 87' lang='lat' dir='ltr'>Vindili;</span> <span class='ocrx_word' id='word_1_79' title='bbox 1041 1512 1172 1574; x_wconf 87' lang='lat' dir='ltr'>quorum</span> <span class='ocrx_word' id='word_1_80' title='bbox 1200 1511 1273 1575; x_wconf 92' lang='lat' dir='ltr'>pars</span> <span class='ocrx_word' id='word_1_81' title='bbox 1296 1490 1377 1555; x_wconf 89' lang='lat' dir='ltr'>Bur-</span> 
     </span>
     <span class='ocr_line' id='line_1_12' title="bbox 279 1585 1377 1677; baseline 0 -22"><span class='ocrx_word' id='word_1_82' title='bbox 279 1591 473 1677; x_wconf 85' lang='lat' dir='ltr'>guadiones:</span> <span class='ocrx_word' id='word_1_83' title='bbox 498 1588 621 1667; x_wconf 88' lang='lat' dir='ltr'>Varini,</span> <span class='ocrx_word' id='word_1_84' title='bbox 642 1589 764 1667; x_wconf 81' lang='lat' dir='ltr'>Carini,</span> <span class='ocrx_word' id='word_1_85' title='bbox 777 1588 947 1655; x_wconf 86' lang='lat' dir='ltr'>Guttones.</span> <span class='ocrx_word' id='word_1_86' title='bbox 992 1587 1139 1655; x_wconf 90' lang='lat' dir='ltr'>Alterum</span> <span class='ocrx_word' id='word_1_87' title='bbox 1153 1612 1261 1676; x_wconf 89' lang='lat' dir='ltr'>genus,</span> <span class='ocrx_word' id='word_1_88' title='bbox 1276 1585 1377 1676; x_wconf 65' lang='lat' dir='ltr'>Iuga</span> 
     </span>
     <span class='ocr_line' id='line_1_13' title="bbox 280 1688 1375 1776; baseline 0.001 -20"><span class='ocrx_word' id='word_1_89' title='bbox 280 1713 398 1766; x_wconf 80' lang='lat' dir='ltr'>vones;</span> <span class='ocrx_word' id='word_1_90' title='bbox 424 1713 554 1776; x_wconf 90' lang='lat' dir='ltr'>quorum</span> <span class='ocrx_word' id='word_1_91' title='bbox 577 1713 650 1776; x_wconf 92' lang='lat' dir='ltr'>pars</span> <span class='ocrx_word' id='word_1_92' title='bbox 672 1689 800 1767; x_wconf 77' lang='lat' dir='ltr'>Cimbri,</span> <span class='ocrx_word' id='word_1_93' title='bbox 817 1688 962 1768; x_wconf 84' lang='lat' dir='ltr'>Teutoni,</span> <span class='ocrx_word' id='word_1_94' title='bbox 985 1711 1023 1754; x_wconf 87' lang='lat' dir='ltr'>ao</span> <span class='ocrx_word' id='word_1_95' title='bbox 1040 1690 1235 1756; x_wconf 79' lang='lat' dir='ltr'>Chaucorum</span> <span class='ocrx_word' id='word_1_96' title='bbox 1257 1699 1375 1776; x_wconf 85' lang='lat' dir='ltr'>gentes.</span> 
     </span>
     <span class='ocr_line' id='line_1_14' title="bbox 281 1788 1376 1877; baseline 0 -23"><span class='ocrx_word' id='word_1_97' title='bbox 281 1790 424 1856; x_wconf 87' lang='lat' dir='ltr'>Proximi</span> <span class='ocrx_word' id='word_1_98' title='bbox 438 1798 546 1856; x_wconf 89' lang='lat' dir='ltr'>autem</span> <span class='ocrx_word' id='word_1_99' title='bbox 561 1789 672 1855; x_wconf 91' lang='lat' dir='ltr'>Rheno</span> <span class='ocrx_word' id='word_1_100' title='bbox 690 1788 882 1863; x_wconf 79' lang='lat' dir='ltr'>Istaevones3</span> <span class='ocrx_word' id='word_1_101' title='bbox 908 1812 1039 1876; x_wconf 88' lang='lat' dir='ltr'>quorum</span> <span class='ocrx_word' id='word_1_102' title='bbox 1054 1812 1125 1877; x_wconf 86' lang='lat' dir='ltr'>pars</span> <span class='ocrx_word' id='word_1_103' title='bbox 1140 1790 1258 1857; x_wconf 91' lang='lat' dir='ltr'>Cimbri</span> <span class='ocrx_word' id='word_1_104' title='bbox 1277 1790 1376 1863; x_wconf 83' lang='lat' dir='ltr'>medi·</span> 
     </span>
     <span class='ocr_line' id='line_1_15' title="bbox 281 1888 1374 1974; baseline -0.001 -18"><span class='ocrx_word' id='word_1_105' title='bbox 281 1890 436 1956; x_wconf 88' lang='lat' dir='ltr'>terranei:</span> <span class='ocrx_word' id='word_1_106' title='bbox 472 1889 683 1965; x_wconf 85' lang='lat' dir='ltr'>Hermiones;</span> <span class='ocrx_word' id='word_1_107' title='bbox 709 1912 840 1974; x_wconf 91' lang='lat' dir='ltr'>quorum</span> <span class='ocrx_word' id='word_1_108' title='bbox 869 1890 975 1967; x_wconf 85' lang='lat' dir='ltr'>Saevi,</span> <span class='ocrx_word' id='word_1_109' title='bbox 1002 1888 1228 1969; x_wconf 86' lang='lat' dir='ltr'>Hermunduri,</span> <span class='ocrx_word' id='word_1_110' title='bbox 1255 1890 1374 1967; x_wconf 88' lang='lat' dir='ltr'>Chatti,</span> 
     </span>
     <span class='ocr_line' id='line_1_16' title="bbox 280 1990 1375 2077; baseline -0.002 -20"><span class='ocrx_word' id='word_1_111' title='bbox 280 1990 439 2057; x_wconf 87' lang='lat' dir='ltr'>Cherusci.</span> <span class='ocrx_word' id='word_1_112' title='bbox 485 1990 603 2073; x_wconf 75' lang='lat' dir='ltr'>Quinta</span> <span class='ocrx_word' id='word_1_113' title='bbox 628 2012 701 2076; x_wconf 87' lang='lat' dir='ltr'>pars</span> <span class='ocrx_word' id='word_1_114' title='bbox 726 1990 868 2069; x_wconf 89' lang='lat' dir='ltr'>Peucini,</span> <span class='ocrx_word' id='word_1_115' title='bbox 893 1991 1065 2069; x_wconf 76' lang='lat' dir='ltr'>Basternas,</span> <span class='ocrx_word' id='word_1_116' title='bbox 1081 1990 1270 2077; x_wconf 90' lang='lat' dir='ltr'>supradictis</span> <span class='ocrx_word' id='word_1_117' title='bbox 1304 2013 1375 2056; x_wconf 92' lang='lat' dir='ltr'>con·</span> 
     </span>
     <span class='ocr_line' id='line_1_17' title="bbox 281 2088 1373 2170; baseline 0 -15"><span class='ocrx_word' id='word_1_118' title='bbox 281 2091 406 2156; x_wconf 91' lang='lat' dir='ltr'>termini</span> <span class='ocrx_word' id='word_1_119' title='bbox 421 2091 528 2157; x_wconf 92' lang='lat' dir='ltr'>Dacis.</span> <span class='ocrx_word' id='word_1_120' title='bbox 580 2092 701 2157; x_wconf 80' lang='lat' dir='ltr'>Amnes</span> <span class='ocrx_word' id='word_1_121' title='bbox 722 2091 798 2157; x_wconf 86' lang='lat' dir='ltr'>clari</span> <span class='ocrx_word' id='word_1_122' title='bbox 820 2090 852 2157; x_wconf 89' lang='lat' dir='ltr'>in</span> <span class='ocrx_word' id='word_1_123' title='bbox 868 2090 1029 2157; x_wconf 83' lang='lat' dir='ltr'>Oceanum</span> <span class='ocrx_word' id='word_1_124' title='bbox 1044 2088 1196 2168; x_wconf 87' lang='lat' dir='ltr'>defluunt,</span> <span class='ocrx_word' id='word_1_125' title='bbox 1212 2089 1373 2170; x_wconf 83' lang='lat' dir='ltr'>Guttalus,</span> 
     </span>
     <span class='ocr_line' id='line_1_18' title="bbox 280 2189 1373 2279; baseline 0.002 -24"><span class='ocrx_word' id='word_1_126' title='bbox 280 2189 427 2258; x_wconf 87' lang='lat' dir='ltr'>Vistillus</span> <span class='ocrx_word' id='word_1_127' title='bbox 460 2191 525 2257; x_wconf 88' lang='lat' dir='ltr'>sive</span> <span class='ocrx_word' id='word_1_128' title='bbox 557 2190 695 2270; x_wconf 81' lang='lat' dir='ltr'>Vistula,</span> <span class='ocrx_word' id='word_1_129' title='bbox 726 2191 828 2270; x_wconf 89' lang='lat' dir='ltr'>Albis,</span> <span class='ocrx_word' id='word_1_130' title='bbox 858 2192 1014 2279; x_wconf 86' lang='lat' dir='ltr'>Visurgis,</span> <span class='ocrx_word' id='word_1_131' title='bbox 1053 2191 1203 2269; x_wconf 87' lang='lat' dir='ltr'>Amisius,</span> <span class='ocrx_word' id='word_1_132' title='bbox 1234 2191 1373 2270; x_wconf 88' lang='lat' dir='ltr'>Rhenus,</span> 
     </span>
     <span class='ocr_line' id='line_1_19' title="bbox 281 2290 1374 2378; baseline -0.002 -21"><span class='ocrx_word' id='word_1_133' title='bbox 281 2291 385 2358; x_wconf 84' lang='lat' dir='ltr'>Mosa.</span> <span class='ocrx_word' id='word_1_134' title='bbox 437 2291 596 2358; x_wconf 89' lang='lat' dir='ltr'>Introrsus</span> <span class='ocrx_word' id='word_1_135' title='bbox 617 2314 703 2369; x_wconf 81' lang='lat' dir='ltr'>vero,</span> <span class='ocrx_word' id='word_1_136' title='bbox 721 2293 807 2357; x_wconf 91' lang='lat' dir='ltr'>nullo</span> <span class='ocrx_word' id='word_1_137' title='bbox 832 2292 961 2359; x_wconf 87' lang='lat' dir='ltr'>inferius</span> <span class='ocrx_word' id='word_1_138' title='bbox 977 2291 1153 2369; x_wconf 88' lang='lat' dir='ltr'>nobilitate,</span> <span class='ocrx_word' id='word_1_139' title='bbox 1176 2290 1374 2378; x_wconf 81' lang='lat' dir='ltr'>Hercynium</span> 
     </span>
     <span class='ocr_line' id='line_1_20' title="bbox 273 2390 617 2481; baseline -0.003 -23"><span class='ocrx_word' id='word_1_140' title='bbox 273 2390 388 2481; x_wconf 88' lang='lat' dir='ltr'>jugum</span> <span class='ocrx_word' id='word_1_141' title='bbox 402 2391 617 2478; x_wconf 81' lang='lat' dir='ltr'>praetenditur.</span> 
     </span>
    </p>

    <p class='ocr_par' dir='ltr' id='par_1_3' title="bbox 278 2490 1374 3170">
     <span class='ocr_line' id='line_1_21' title="bbox 324 2490 1373 2579; baseline -0.004 -21"><span class='ocrx_word' id='word_1_142' title='bbox 324 2492 469 2558; x_wconf 90' lang='lat' dir='ltr'>XXIX.</span> <span class='ocrx_word' id='word_1_143' title='bbox 496 2491 535 2557; x_wconf 93' lang='lat' dir='ltr'>In</span> <span class='ocrx_word' id='word_1_144' title='bbox 561 2491 672 2557; x_wconf 89' lang='lat' dir='ltr'>Rheno</span> <span class='ocrx_word' id='word_1_145' title='bbox 699 2492 775 2579; x_wconf 90' lang='lat' dir='ltr'>ipso,</span> <span class='ocrx_word' id='word_1_146' title='bbox 802 2516 898 2579; x_wconf 93' lang='lat' dir='ltr'>prope</span> <span class='ocrx_word' id='word_1_147' title='bbox 920 2500 1047 2557; x_wconf 87' lang='lat' dir='ltr'>centum</span> <span class='ocrx_word' id='word_1_148' title='bbox 1066 2515 1102 2558; x_wconf 83' lang='lat' dir='ltr'>rr.</span> <span class='ocrx_word' id='word_1_149' title='bbox 1118 2513 1199 2577; x_wconf 89' lang='lat' dir='ltr'>pass.</span> <span class='ocrx_word' id='word_1_150' title='bbox 1223 2490 1255 2556; x_wconf 91' lang='lat' dir='ltr'>in</span> <span class='ocrx_word' id='word_1_151' title='bbox 1275 2490 1373 2578; x_wconf 89' lang='lat' dir='ltr'>longi·</span> 
     </span>
     <span class='ocr_line' id='line_1_22' title="bbox 279 2591 1374 2672; baseline -0.001 -12"><span class='ocrx_word' id='word_1_152' title='bbox 279 2593 432 2672; x_wconf 88' lang='lat' dir='ltr'>tudinem,</span> <span class='ocrx_word' id='word_1_153' title='bbox 448 2592 640 2658; x_wconf 84' lang='lat' dir='ltr'>nobilissima</span> <span class='ocrx_word' id='word_1_154' title='bbox 654 2593 847 2659; x_wconf 86' lang='lat' dir='ltr'>Batavorum</span> <span class='ocrx_word' id='word_1_155' title='bbox 871 2592 981 2672; x_wconf 84' lang='lat' dir='ltr'>insula,</span> <span class='ocrx_word' id='word_1_156' title='bbox 1005 2601 1038 2657; x_wconf 90' lang='lat' dir='ltr'>et</span> <span class='ocrx_word' id='word_1_157' title='bbox 1054 2591 1314 2658; x_wconf 86' lang='lat' dir='ltr'>Cannenifatum:</span> <span class='ocrx_word' id='word_1_158' title='bbox 1341 2601 1374 2659; x_wconf 88' lang='lat' dir='ltr'>et</span> 
     </span>
     <span class='ocr_line' id='line_1_23' title="bbox 278 2692 1374 2773; baseline -0.002 -13"><span class='ocrx_word' id='word_1_159' title='bbox 278 2695 346 2760; x_wconf 81' lang='lat' dir='ltr'>alioe</span> <span class='ocrx_word' id='word_1_160' title='bbox 372 2693 554 2769; x_wconf 88' lang='lat' dir='ltr'>Frisiorum,</span> <span class='ocrx_word' id='word_1_161' title='bbox 578 2692 783 2773; x_wconf 80' lang='lat' dir='ltr'>Chaucorum,</span> <span class='ocrx_word' id='word_1_162' title='bbox 806 2692 1039 2771; x_wconf 60' lang='lat' dir='ltr'>Fanniam»,</span> <span class='ocrx_word' id='word_1_163' title='bbox 1062 2694 1250 2769; x_wconf 62' lang='lat' dir='ltr'>niumm,</span> <span class='ocrx_word' id='word_1_164' title='bbox 1279 2694 1374 2758; x_wconf 82' lang='lat' dir='ltr'>Mor·</span> 
     </span>
     <span class='ocr_line' id='line_1_24' title="bbox 278 2791 1373 2878; baseline -0.004 -16"><span class='ocrx_word' id='word_1_165' title='bbox 278 2795 441 2873; x_wconf 76' lang='lat' dir='ltr'>sociorum,</span> <span class='ocrx_word' id='word_1_166' title='bbox 472 2817 540 2878; x_wconf 79' lang='lat' dir='ltr'>quse</span> <span class='ocrx_word' id='word_1_167' title='bbox 570 2801 750 2860; x_wconf 87' lang='lat' dir='ltr'>sternuntur</span> <span class='ocrx_word' id='word_1_168' title='bbox 778 2794 860 2859; x_wconf 90' lang='lat' dir='ltr'>inter</span> <span class='ocrx_word' id='word_1_169' title='bbox 892 2793 1023 2859; x_wconf 89' lang='lat' dir='ltr'>Helium</span> <span class='ocrx_word' id='word_1_170' title='bbox 1053 2815 1091 2858; x_wconf 97' lang='lat' dir='ltr'>ac</span> <span class='ocrx_word' id='word_1_171' title='bbox 1124 2791 1269 2859; x_wconf 83' lang='lat' dir='ltr'>Flevum.</span> <span class='ocrx_word' id='word_1_172' title='bbox 1321 2792 1373 2858; x_wconf 88' lang='lat' dir='ltr'>lta</span> 
     </span>
     <span class='ocr_line' id='line_1_25' title="bbox 279 2892 1372 2981; baseline -0.003 -21"><span class='ocrx_word' id='word_1_173' title='bbox 279 2894 477 2981; x_wconf 88' lang='lat' dir='ltr'>appellantur</span> <span class='ocrx_word' id='word_1_174' title='bbox 498 2893 588 2971; x_wconf 89' lang='lat' dir='ltr'>ostia,</span> <span class='ocrx_word' id='word_1_175' title='bbox 605 2894 636 2958; x_wconf 91' lang='lat' dir='ltr'>in</span> <span class='ocrx_word' id='word_1_176' title='bbox 657 2916 727 2980; x_wconf 79' lang='lat' dir='ltr'>qua</span> <span class='ocrx_word' id='word_1_177' title='bbox 749 2894 864 2960; x_wconf 84' lang='lat' dir='ltr'>effusus</span> <span class='ocrx_word' id='word_1_178' title='bbox 879 2893 1017 2973; x_wconf 86' lang='lat' dir='ltr'>Rhenus,</span> <span class='ocrx_word' id='word_1_179' title='bbox 1036 2892 1077 2958; x_wconf 90' lang='lat' dir='ltr'>ab</span> <span class='ocrx_word' id='word_1_180' title='bbox 1098 2894 1320 2979; x_wconf 81' lang='lat' dir='ltr'>septemtrione</span> <span class='ocrx_word' id='word_1_181' title='bbox 1342 2893 1372 2957; x_wconf 91' lang='lat' dir='ltr'>in</span> 
     </span>
     <span class='ocr_line' id='line_1_26' title="bbox 278 2993 1372 3080; baseline -0.001 -20"><span class='ocrx_word' id='word_1_182' title='bbox 278 2996 374 3070; x_wconf 88' lang='lat' dir='ltr'>lacus,</span> <span class='ocrx_word' id='word_1_183' title='bbox 389 2994 431 3059; x_wconf 87' lang='lat' dir='ltr'>ab</span> <span class='ocrx_word' id='word_1_184' title='bbox 445 2993 605 3059; x_wconf 89' lang='lat' dir='ltr'>occidente</span> <span class='ocrx_word' id='word_1_185' title='bbox 620 2994 652 3060; x_wconf 93' lang='lat' dir='ltr'>in</span> <span class='ocrx_word' id='word_1_186' title='bbox 669 3017 793 3060; x_wconf 87' lang='lat' dir='ltr'>amnem</span> <span class='ocrx_word' id='word_1_187' title='bbox 810 2994 936 3060; x_wconf 88' lang='lat' dir='ltr'>Mosam</span> <span class='ocrx_word' id='word_1_188' title='bbox 950 3017 983 3060; x_wconf 90' lang='lat' dir='ltr'>se</span> <span class='ocrx_word' id='word_1_189' title='bbox 998 2993 1135 3080; x_wconf 87' lang='lat' dir='ltr'>spargit:</span> <span class='ocrx_word' id='word_1_190' title='bbox 1162 2993 1266 3059; x_wconf 92' lang='lat' dir='ltr'>medio</span> <span class='ocrx_word' id='word_1_191' title='bbox 1291 2994 1372 3059; x_wconf 88' lang='lat' dir='ltr'>inter</span> 
     </span>
     <span class='ocr_line' id='line_1_27' title="bbox 279 3093 1140 3170; baseline -0.001 -10"><span class='ocrx_word' id='word_1_192' title='bbox 279 3094 346 3160; x_wconf 82' lang='lat' dir='ltr'>haec</span> <span class='ocrx_word' id='word_1_193' title='bbox 359 3116 423 3170; x_wconf 91' lang='lat' dir='ltr'>ore,</span> <span class='ocrx_word' id='word_1_194' title='bbox 437 3093 596 3159; x_wconf 88' lang='lat' dir='ltr'>modicum</span> <span class='ocrx_word' id='word_1_195' title='bbox 613 3096 730 3161; x_wconf 91' lang='lat' dir='ltr'>nomini</span> <span class='ocrx_word' id='word_1_196' title='bbox 746 3119 801 3162; x_wconf 91' lang='lat' dir='ltr'>suo</span> <span class='ocrx_word' id='word_1_197' title='bbox 816 3095 994 3161; x_wconf 88' lang='lat' dir='ltr'>custodiens</span> <span class='ocrx_word' id='word_1_198' title='bbox 1006 3094 1140 3159; x_wconf 87' lang='lat' dir='ltr'>alveum.</span> 
     </span>
    </p>

    <p class='ocr_par' dir='ltr' id='par_1_4' title="bbox 323 3193 1243 3282">
     <span class='ocr_line' id='line_1_28' title="bbox 323 3193 1243 3282; baseline 0.003 -23"><span class='ocrx_word' id='word_1_199' title='bbox 323 3193 392 3260; x_wconf 83' lang='lat' dir='ltr'>The</span> <span class='ocrx_word' id='word_1_200' title='bbox 408 3203 486 3261; x_wconf 85' lang='lat' dir='ltr'>next</span> <span class='ocrx_word' id='word_1_201' title='bbox 500 3195 615 3261; x_wconf 91' lang='lat' dir='ltr'>author</span> <span class='ocrx_word' id='word_1_202' title='bbox 631 3195 662 3261; x_wconf 91' lang='lat' dir='ltr'>in</span> <span class='ocrx_word' id='word_1_203' title='bbox 678 3196 766 3282; x_wconf 88' lang='lat' dir='ltr'>point</span> <span class='ocrx_word' id='word_1_204' title='bbox 782 3195 905 3262; x_wconf 80' lang='lat' dir='ltr'>citime</span> <span class='ocrx_word' id='word_1_205' title='bbox 920 3195 947 3262; x_wconf 92' lang='lat' dir='ltr'>is</span> <span class='ocrx_word' id='word_1_206' title='bbox 964 3194 1094 3261; x_wconf 80' lang='lat' dir='ltr'>Tacitus</span> <span class='ocrx_word' id='word_1_207' title='bbox 1110 3193 1243 3262; x_wconf 80' lang='lat' dir='ltr'>himself.</span> 
     </span>
    </p>
   </div>
   <div class='ocr_carea' id='block_1_3' title="bbox 0 0 1628 5078">
    <p class='ocr_par' dir='ltr' id='par_1_5' title="bbox 0 0 1628 5078">
     <span class='ocr_line' id='line_1_29' title="bbox 0 0 1628 5078; baseline 0 3"><span class='ocrx_word' id='word_1_208' title='bbox 0 0 1628 5078; x_wconf 95' lang='lat' dir='ltr'> </span> 
     </span>
    </p>
   </div>
  </div>
 </body>
</html>
