3232 5100
621 455 898 511 nrruscounur.
1105 430 1108 435 ’
1266 443 1303 510 ix

260 615 299 681 In
322 616 453 682 Scannia
481 639 552 681 vero
575 617 686 694 insula,
709 615 792 680 unde
809 615 898 680 nobis
915 637 1016 680 sermo
1033 623 1090 695 est,
1108 616 1181 681 licet
1197 616 1304 681 multa

216 724 248 781 et
272 716 400 781 diversa
424 725 570 783 maneant
597 717 747 794 nationes,
776 724 894 801 septem
924 723 1029 780 tamen
1055 739 1161 781 earum
1180 717 1306 781 nomina

216 817 358 881 meminit
392 817 589 884 Ptolemaeus.
651 816 688 880 ln
719 813 808 901 cujus
837 824 924 900 parte
950 824 1057 880 arctoa
1083 838 1159 902 gens
1184 816 1306 902 Adogit

217 915 367 993 consistit,
390 941 458 1002 qua
478 918 577 982 fertur
596 917 627 981 in
652 924 760 981 astate
786 915 889 981 media
913 915 1120 1001 quadraginta
1140 916 1249 981 diebus
1274 925 1307 980 et

217 1016 361 1082 noctibus
385 1019 470 1082 luces
488 1017 603 1082 habere
628 1014 810 1090 continuas,
837 1015 975 1099 itemque
1000 1015 1132 1081 brumali
1156 1024 1305 1102 tempore,

219 1116 328 1181 eodem
343 1116 462 1182 diemm
478 1117 673 1200 noctiumque
688 1137 817 1180 numero
831 1116 931 1180 lucem
946 1115 1061 1180 claram
1077 1116 1203 1181 nescire.
1256 1116 1308 1181 lta

220 1216 373 1281 alternato
387 1240 514 1282 moerore
530 1240 600 1281 cum
615 1216 742 1302 gaudio,
758 1213 904 1280 beneficio
927 1215 996 1280 aliis
1013 1215 1186 1300 damnoque
1205 1216 1307 1302 impar

222 1325 279 1381 cst.
324 1316 369 1380 Et
393 1319 453 1382 hoc
478 1318 592 1401 quare!
652 1314 734 1397 Quia
760 1315 976 1400 prolixioribus
1003 1314 1112 1381 diebus
1141 1316 1237 1381 solem
1266 1316 1307 1381 ad

221 1417 369 1482 orientem
392 1441 447 1503 per
471 1418 540 1482 axis
561 1416 732 1501 marginem
757 1415 865 1481 vident
890 1415 1091 1480 redeuntem:
1118 1415 1309 1482 brevioribus

221 1538 294 1581 vero
319 1539 380 1581 non
404 1518 448 1583 sic
471 1516 657 1602 conspicitur
671 1515 755 1601 apud
772 1516 849 1591 illos,
865 1515 920 1580 sed
935 1516 1046 1590 alitcr3
1070 1515 1143 1599 quia
1158 1517 1310 1581 Austrina

221 1617 308 1702 signa
329 1618 490 1702 percurrit,
510 1625 542 1682 et
564 1616 615 1701 qui
635 1617 725 1681 nobis
740 1614 863 1679 videtur
882 1615 926 1681 sol
950 1615 990 1679 ab
1011 1616 1073 1679 imo
1097 1638 1230 1701 surgere,
1250 1616 1310 1682 illis

221 1739 276 1801 per
298 1724 388 1781 torrae
412 1717 582 1801 marginem
606 1716 720 1780 dicitur
744 1716 882 1780 circuire.
934 1715 1015 1779 Aliae
1038 1738 1111 1780 vero
1134 1716 1177 1780 ibi
1201 1724 1310 1802 gentes

223 1816 391 1893 crefennae,
408 1816 458 1902 qui
480 1817 705 1881 frumentorum
731 1838 791 1879 non
813 1815 978 1899 quaeritant
1001 1815 1136 1881 victum:
1166 1816 1221 1881 sed
1244 1839 1308 1881 car·

223 1916 314 1982 nibus
347 1917 480 1981 ferarum
513 1925 606 2000 utque
631 1916 736 1980 avium
765 1914 885 1980 vivunt.
946 1915 1011 1980 Ubi
1035 1924 1124 1981 tanta
1146 1917 1311 2002 paludibus

223 2015 335 2080 foetura
359 2016 491 2101 ponitur,
509 2024 546 2080 ut
571 2024 603 2080 et
630 2023 831 2101 angmentum
859 2024 1006 2100 praestent
1027 2017 1141 2101 generi,
1164 2030 1197 2081 et
1219 2017 1311 2081 satie·

223 2123 322 2179 tatem
337 2138 374 2180 ac
389 2117 508 2201 copiam
521 2117 617 2201 genti.
661 2115 736 2179 Alia
751 2137 823 2179 vero
836 2138 912 2200 gens
926 2115 968 2181 ibi
986 2124 1124 2180 moratur
1145 2117 1311 2192 Suethans,

226 2238 293 2299 qua
310 2216 393 2280 velut
409 2215 571 2300 Thuringi,
587 2215 672 2299 equis
689 2221 821 2279 utuntur
842 2214 972 2280 eximiis.
1019 2215 1064 2280 Hi
1086 2239 1206 2301 quoque
1228 2226 1310 2293 sunt,

224 2316 277 2400 qui
301 2316 332 2380 in
356 2338 429 2381 usus
450 2316 660 2380 Romanorum
677 2313 856 2400 Saphirinas
870 2314 966 2400 pelles
980 2315 1162 2381 commercio
1178 2316 1314 2381 interve·

225 2417 329 2480 niente
343 2439 399 2501 per
412 2416 488 2482 elias
503 2415 678 2480 innumeras
691 2422 800 2500 gentes
817 2414 1044 2489 transmittunt,
1060 2415 1169 2480 famosi
1186 2417 1312 2501 pellium

226 2515 337 2581 decora
359 2516 526 2601 nigredine.
574 2515 620 2579 Hi
650 2537 744 2599 quum
771 2515 878 2599 inopes
901 2513 1020 2593 vivunt,
1043 2514 1195 2580 ditissime
1220 2516 1314 2581 vesti-

227 2623 330 2680 untur.
376 2615 555 2702 Sequuntur
569 2615 680 2681 deinde
702 2614 891 2679 diversarum
913 2615 1011 2679 turbae
1026 2615 1197 2693 nationum,
1211 2615 1314 2680 Theu-

228 2715 324 2792 sthes,
353 2715 492 2803 Vagoth,
521 2715 644 2803 Bergio,
676 2714 794 2791 Hallin,
828 2713 985 2795 Liothida,
1012 2738 1142 2800 quorum
1176 2716 1314 2781 omnium

226 2815 314 2882 sedes
340 2817 398 2882 sub
422 2815 515 2882 humo
543 2817 636 2901 plana
658 2838 695 2880 ac
717 2814 821 2889 fertili,
846 2823 878 2879 et
901 2825 1064 2901 propterca
1085 2816 1161 2880 inibi
1184 2814 1314 2880 aliarum

226 2916 365 3002 gentium
390 2916 614 2982 incursionibus
636 2915 829 2981 infestantur.
875 2914 953 2980 Post
976 2916 1033 2981 hos
1058 2915 1211 2993 Athelnil,
1238 2915 1316 2981 Fin-

227 3017 355 3091 naithae,
372 3016 492 3094 Fervir,
509 3015 692 3102 Gentigoth,
710 3037 780 3080 acre
801 3014 961 3080 hominum
982 3038 1090 3101 genus,
1113 3025 1146 3081 et
1172 3015 1213 3081 ad
1234 3016 1316 3081 bella

226 3117 498 3202 promptissimum.
533 3116 655 3181 Dehinc
671 3115 763 3180 mixti
781 3115 931 3200 Evagerae
948 3114 1103 3201 Othingis.
1148 3116 1195 3181 Hi
1210 3139 1316 3183 omnes

229 3215 329 3281 exesis
342 3217 478 3302 rupibus,
496 3216 583 3300 quasi
598 3214 731 3281 castellis
753 3214 940 3293 inhabitant,
963 3215 1027 3280 ritu
1049 3216 1183 3282 beluino.
1235 3216 1316 3282 Sunt

228 3337 268 3379 ex
285 3315 333 3380 his
348 3317 514 3382 exteriores
529 3316 736 3402 Ostrogothae,
756 3314 961 3390 Raumaricae,
987 3315 1195 3402 Raugnaricii,
1222 3318 1315 3383 Finni

231 3414 396 3493 mitissimi,
421 3414 557 3481 Scanziae
586 3416 757 3481 cultoribus
782 3415 924 3480 omnibus
949 3415 1107 3482 mitiores:
1142 3440 1261 3482 necnon
1284 3427 1316 3482 et

230 3537 320 3601 pares
333 3537 439 3579 eorum
457 3514 652 3590 vinoviloth,
676 3514 831 3589 Suethidi,
856 3516 972 3601 (logeni
994 3516 1026 3581 in
1048 3516 1107 3581 hac
1127 3527 1221 3604 gente
1246 3518 1317 3584 reli·

231 3614 299 3699 quis
324 3637 450 3701 corpore
471 3614 696 3693 eminentiores,
712 3615 853 3700 quamvis
867 3624 899 3680 et
916 3615 999 3680 Dani
1014 3639 1054 3681 ex
1070 3618 1205 3702 ipsomm
1220 3618 1317 3705 stirpe

230 3716 391 3801 progressi,
410 3715 523 3780 Erulos
537 3715 667 3800 propriis
681 3715 805 3780 sedibus
819 3716 1021 3801 expulemnt:
1047 3719 1098 3801 qui
1115 3718 1198 3782 inter
1211 3740 1318 3784 omnes

230 3814 368 3880 Scanzia
382 3816 524 3881 nationes
537 3837 647 3879 nomen
663 3814 722 3880 sibi
738 3816 778 3880 ob
794 3816 920 3881 nimiam
937 3816 1154 3902 proceritatem
1170 3817 1317 3884 affectant

230 3916 428 4001 praecipuum.
485 3915 566 3980 Sunt
597 3937 773 3999 quanquam
803 3922 835 3980 et
858 3915 980 3980 illomm
1008 3917 1147 4002 positura
1174 3917 1317 3996 Grannii,

231 4016 390 4102 Agendae,
420 4015 545 4095 Unixae,
579 4015 754 4102 Ethelrugi,
778 4016 997 4093 Arochiranni,
1021 4017 1132 4101 quibus
1158 4041 1219 4083 non
1245 4026 1319 4085 ante

108 4158 113 4167 ·
231 4137 346 4193 ornnes,
365 4116 506 4181 sedante
520 4116 636 4181 multos
649 4137 747 4180 annos
761 4115 883 4181 Rodulf
893 4138 948 4180 rex
962 4116 1042 4182 fuit:
1071 4116 1122 4201 qni
1140 4127 1319 4204 contempto

231 4215 355 4301 proprio
369 4237 473 4301 regno,
488 4215 530 4281 ad
545 4215 728 4281 Theoderici
744 4215 918 4281 Gothorum
934 4216 1014 4300 regis
1035 4217 1186 4302 gremium
1209 4241 1319 4284 convc-

232 4315 320 4392 lavit,
336 4324 368 4380 et
380 4324 418 4379 nt
432 4315 638 4391 desiderabat,
654 4316 782 4381 invenit.
828 4315 892 4379 Hae
908 4316 1012 4400 itaque
1036 4326 1145 4402 gentes
1171 4319 1320 4384 Romanis

233 4439 359 4502 corpore
376 4424 408 4480 et
424 4418 527 4480 animo
541 4415 729 4501 grandiores,
745 4416 865 4481 infesta
880 4416 998 4482 saevitia
1012 4440 1134 4503 pugnae.
