3202 5076
276 400 402 475 lxxviii
554 415 632 472 rue
653 414 837 472 nuruum
862 413 911 470 or
934 415 1102 473 monus.

273 579 315 645 lio
328 579 527 645 auctoritatis
542 586 647 646 essent
663 578 833 657 consecuti,
848 577 1025 644 sentiebat:
1050 577 1164 664 quibus
1180 579 1224 645 ad
1244 580 1373 649 consilia

271 678 424 766 capienda
446 678 524 744 nihil
545 679 640 766 spatii
666 678 806 744 dandum
832 678 1044 744 existimabat.
1102 679 1164 746 His
1191 682 1371 750 constitutis

271 779 364 846 rebus
386 788 419 846 et
440 779 568 846 consilio
585 802 657 845 cum
685 778 798 865 legatis
823 786 857 844 et
886 787 1041 864 questore
1063 781 1302 861 communicato,
1330 806 1370 848 ne

270 903 363 966 quem
377 880 462 947 diem
478 903 589 966 puguae
607 879 871 965 praetermitteret,
888 879 1151 964 opportunissime
1172 903 1222 947 res
1243 883 1369 960 eccidit,

270 979 355 1066 quod
368 980 518 1066 postridie
533 978 600 1067 ejus
614 980 677 1045 diei
694 1002 787 1044 mane
801 978 912 1045 eedem
928 987 960 1045 et
975 978 1107 1064 perfidie
1122 988 1154 1046 et
1171 981 1369 1050 simulatione

269 1082 318 1147 usi
346 1080 506 1159 Germani,
537 1082 726 1166 frequentes,
751 1079 896 1146 omnibus
922 1078 1113 1166 principibus
1140 1078 1369 1168 majoribusque

269 1188 348 1247 netu
371 1180 532 1258 adhibitis,
550 1181 592 1246 ed
618 1202 689 1246 eum
717 1180 750 1245 iu
778 1188 883 1246 cestre
907 1190 1080 1256 venerunt3
1104 1181 1205 1260 simul,
1229 1190 1266 1247 ut
1284 1184 1370 1249 dice·

268 1281 372 1359 betur,
387 1283 435 1348 sui
450 1280 603 1368 purgandi
620 1303 738 1358 caussa,
751 1280 836 1365 qnod
853 1287 972 1358 contra,
990 1288 1084 1364 etque
1101 1290 1183 1348 esset
1199 1281 1319 1349 dictum
1334 1292 1368 1349 et

268 1382 328 1468 ipsi
345 1381 506 1468 petissent,
523 1382 665 1467 prelium
688 1381 788 1466 pridie
803 1379 1052 1456 commisissent;
1076 1383 1168 1448 simul
1185 1391 1231 1461 nt,
1249 1384 1366 1469 siquid

268 1491 406 1569 possent,
424 1482 464 1548 de
489 1482 623 1548 induciis
646 1481 783 1548 fallendo
811 1482 1028 1566 impetrarent.
1087 1482 1173 1565 Quos
1187 1481 1246 1548 eibi
1262 1484 1367 1550 Gaeser

268 1581 390 1649 oblatos
411 1582 548 1668 gavisus,
563 1582 633 1648 illos
649 1582 776 1649 retineri
792 1578 910 1668 jussit;
934 1580 1000 1666 ipse
1014 1603 1122 1649 omnes
1136 1582 1241 1668 copias
1255 1585 1367 1651 cestris

268 1682 662 1768 eduxit,.equitatumque,
685 1683 768 1767 qnod
794 1682 912 1748 recenti
938 1682 1045 1767 proelio
1071 1682 1271 1768 perterritum
1298 1706 1365 1752 esse

268 1782 481 1861 existimabat,
497 1805 609 1870 agmen
624 1783 770 1868 subsequi
778 1781 887 1868 jussit.

311 1882 415 1949 XIV.
450 1882 531 1949 Acie
564 1882 679 1969 triplici
709 1883 865 1960 instituta,
904 1891 937 1948 et
968 1882 1110 1949 celeriter
1136 1905 1204 1949 vnn.
1231 1883 1363 1950 millium

266 1984 378 2050 itinere
394 1983 549 2062 confecto,
570 1984 657 2069 prius
670 1984 712 2048 ad
727 1983 865 2049 hostium
879 1990 985 2049 cestre
1002 1984 1153 2069 pervenit,
1170 2006 1274 2069 quam,
1289 1986 1363 2071 quid

265 2090 420 2170 ageretur,
458 2083 608 2149 Germani
648 2084 763 2150 sentire
794 2092 930 2169 possent.
988 2083 1060 2166 Qui,
1092 2084 1236 2151 omnibus
1271 2087 1364 2154 rebus

265 2183 369 2250 subito
392 2183 560 2270 perterriti,
588 2191 621 2249 et
652 2184 811 2250 celeritate
840 2184 995 2250 adventus
1024 2183 1132 2262 nostri,
1163 2191 1196 2250 et
1226 2185 1362 2253 discessu

266 2305 403 2363 suornm,
421 2307 521 2369 neque
545 2284 664 2350 consssii
690 2284 837 2362 habendi,
851 2306 951 2368 neque
978 2307 1067 2350 arme
1089 2283 1232 2371 capiendi
1258 2286 1362 2372 spatio

266 2384 352 2462 dato,
385 2385 617 2470 perturbentur,
644 2386 788 2472 copiasne
815 2384 965 2450 adversm
994 2385 1117 2450 hostem
1150 2383 1291 2464 educere,
1320 2409 1362 2451 an

266 2493 370 2551 cestra
385 2485 561 2565 defendere,
577 2509 619 2552 en
632 2485 708 2572 fuge
724 2486 858 2552 sulutem
874 2493 990 2570 petere,
1003 2490 1174 2570 prestaret.
1220 2485 1360 2568 Quorum

265 2586 361 2652 timor
375 2608 471 2671 quum
485 2586 614 2653 fremitu
639 2596 671 2652 et
688 2590 840 2652 concursu
863 2582 1101 2670 significaretur,
1122 2583 1237 2651 mihtes
1251 2586 1359 2664 nostri,

264 2686 388 2772 pristini
413 2686 475 2752 diei
500 2685 632 2773 perfidie
651 2686 785 2761 incitati,
801 2686 834 2751 in
848 2692 952 2751 cestra
973 2686 1162 2770 irruperunt.
1220 2685 1360 2768 Quomm

265 2788 319 2872 qui
335 2787 478 2853 celeriter
492 2810 581 2852 erma
595 2808 704 2871 capere
726 2793 906 2871 potuerunt,
922 2785 1090 2871 paullisper
1103 2786 1218 2852 uostris
1238 2788 1360 2853 restite·

264 2895 455 2972 mutatque
481 2887 563 2952 inter
589 2908 692 2951 carros
721 2886 1004 2973 impedimentaque
1036 2885 1176 2971 proelium
1199 2888 1360 2954 commise-

262 2996 356 3052 runt:
380 2985 548 3070 etreliqua
564 2985 733 3052 multitudo
750 3008 916 3072 puerorum
931 2986 1157 3072 mulierumque
1174 2986 1263 3069 (nam
1286 3011 1358 3054 cum

262 3086 407 3153 omuibus
427 3085 492 3152 suis
514 3086 607 3152 domo
625 3096 822 3153 excesserant
844 3087 1050 3172 Rhenumque
1066 3086 1269 3172 transierant)
1288 3111 1357 3175 pes·

261 3185 321 3252 sim
346 3186 452 3273 fugere
478 3188 589 3274 coepit3
626 3187 669 3252 ad
693 3210 771 3272 quos
801 3187 1025 3254 consectandos
1050 3185 1155 3253 cesar
1182 3190 1357 3273 equitatum

264 3286 362 3353 misit.

307 3386 390 3455 XV.
422 3387 581 3465 Germani,
604 3395 675 3472 post
704 3396 829 3474 tergum
853 3386 990 3452 clamore
1015 3386 1132 3467 audito,
1163 3410 1260 3472 quum
1285 3411 1357 3455 suos

260 3486 392 3554 interfici
407 3490 561 3563 riderent,
576 3489 671 3553 ermis
693 3486 825 3575 abjectis
845 3487 1002 3573 signisque
1023 3486 1210 3554 militaribus
1230 3487 1356 3565 relictis,

260 3610 294 3653 se
317 3611 358 3654 ex
385 3589 496 3656 cestris
518 3586 695 3675 ejecerunt:
719 3597 762 3667 et,
785 3610 881 3674 quum
905 3587 947 3652 ad
973 3584 1179 3653 confluentem
1195 3587 1295 3653 Mose
1323 3596 1355 3652 et

258 3685 361 3755 Rheni
390 3691 612 3776 pervenissent,
637 3689 756 3773 reliqna
780 3689 856 3774 fuge
885 3686 1060 3773 desperata,
1084 3709 1199 3774 magno
1224 3709 1354 3752 numero

258 3786 432 3866 interfecto,
465 3790 575 3874 reliqui
606 3810 639 3855 se
670 3789 702 3854 iu
734 3787 850 3854 flumen
881 3787 1156 3873 precipitaverunt
1185 3796 1280 3870 atque
1310 3786 1355 3855 ibi

257 3888 380 3967 timore,
394 3890 587 3967 lassitudine,
602 3889 634 3954 vi
659 3886 795 3954 fluminis
816 3888 954 3974 oppressi
972 3887 1140 3973 periemut.
1183 3886 1291 3953 Nostri
1312 3887 1354 3952 ad

257 4011 355 4054 unum
378 4012 486 4058 omnes
511 3990 691 4066 incolumes,
717 3990 879 4075 perpaucis
906 3987 1085 4067 milneretis,
1109 4010 1150 4053 ex
1175 3987 1258 4054 tenti
1281 3987 1355 4053 belli

257 4089 379 4169 timore,
409 4113 506 4176 quum
536 4090 676 4156 hostium
706 4111 854 4156 numerus
885 4087 1025 4175 capitum
1045 4109 1191 4153 ccccxxx.
1220 4087 1354 4154 millium

257 4188 376 4270 heser,
392 4214 426 4257 se
451 4191 484 4256 iu
506 4198 610 4256 cestre
630 4197 825 4276 recepemnt.
881 4189 990 4256 (laesar
1013 4188 1072 4267 his,
1087 4211 1166 4273 quos
1188 4188 1220 4254 in
1244 4189 1356 4257 eastris

255 4290 436 4370 retinuerat,
453 4290 632 4359 discedendi
652 4298 841 4376 potestatem
868 4289 967 4356 iecit:
991 4288 1037 4355 illi
1060 4289 1214 4375 supplicia
1238 4289 1354 4356 ornem

258 4399 371 4478 tunque
392 4391 556 4459 Gallorum
577 4390 679 4471 veriti,
703 4412 835 4477 quorum
859 4412 951 4476 agros
968 4398 1171 4471 vexaverant,
1195 4412 1354 4459 remanere
