3232 5100
284 402 371 471 xxvi
560 417 636 511 nnn
661 416 842 473 onuuanr
868 417 916 473 or
941 417 1107 475 nunnus

284 586 419 653 utentes,
440 584 509 641 arte
530 579 665 663 quadam
691 578 775 664 liguo
798 578 936 656 incuruo,
953 577 995 643 ad
1018 600 1109 643 arcus
1132 577 1379 652 similitudinem,

282 679 365 743 leros
390 688 605 762 assequuntur.
649 679 749 765 Apud
775 681 833 745 hos
856 686 904 744 est
927 679 1054 755 animal,
1070 701 1132 743 non
1147 679 1225 745 satis
1238 679 1382 744 absimile

284 800 386 854 cervo,
402 777 442 843 de
459 777 547 865 oujns
561 802 618 865 ego
633 780 728 855 corio,
742 787 779 845 ut
801 779 904 845 fuerat
927 780 998 865 pilis
1017 779 1186 865 hispidum,
1204 787 1323 845 vestem
1347 780 1380 844 in

283 878 412 943 modum
429 879 554 955 tunicae,
571 887 759 965 genutenus
780 880 1099 965 aptatamoonspexi,
1116 879 1200 946 sicut
1221 877 1290 965 jam
1312 881 1380 957 fati,

284 987 322 1044 ut
345 979 480 1044 relatum
506 987 566 1056 est,
592 980 761 1045 Scritobini
789 988 930 1045 utuntur.
986 980 1108 1063 Quibus
1134 981 1167 1045 in
1193 980 1269 1045 locis
1297 980 1381 1045 cirea

285 1079 422 1144 aestivale
449 1079 628 1158 solstitium,
657 1103 713 1166 per
735 1080 852 1165 aliquot
877 1080 951 1161 dies,
972 1080 1068 1145 etiam
1091 1088 1186 1145 uoctn
1209 1081 1381 1146 clarissima

285 1180 341 1243 lux
358 1180 505 1257 cernitur,
523 1178 649 1265 diesque
665 1181 708 1247 ibi
721 1181 822 1246 multo
837 1179 979 1268 majores,
997 1203 1091 1265 quam
1108 1181 1183 1245 alibi
1204 1181 1378 1246 habentur:

284 1281 365 1345 scut
389 1303 406 1345 e
426 1281 593 1356 contrario,
610 1282 692 1358 circa
715 1281 855 1347 brumale
879 1280 1055 1359 solstitium,
1077 1282 1218 1366 quamvis
1238 1280 1300 1345 diei
1322 1283 1380 1346 lux

285 1380 380 1458 adsit,
392 1380 439 1446 sol
452 1389 559 1447 tamen
574 1381 617 1445 ibi
632 1405 694 1447 nou
703 1381 836 1460 ridetur,
851 1381 978 1467 diesque
992 1381 1124 1462 minimi,
1139 1404 1233 1467 qnam
1247 1403 1380 1466 nsquam

284 1481 369 1559 alibi,
384 1489 492 1547 noctes
506 1504 627 1566 quoque
642 1481 795 1568 longiores
811 1482 962 1547 existunt.
1013 1481 1095 1563 Quia
1118 1482 1238 1548 scilicet
1259 1490 1379 1566 quanto

283 1582 384 1668 magis
405 1604 427 1646 a
446 1581 510 1647 sole
532 1582 655 1668 longius
675 1581 854 1660 disceditur,
875 1589 966 1648 tauto
988 1583 1033 1648 sol
1056 1583 1123 1667 ipse
1146 1590 1236 1648 terra
1249 1582 1381 1651 uicinior

283 1689 424 1768 apparet,
440 1689 473 1747 et
496 1681 614 1747 umbrae
635 1682 789 1768 longiores
807 1689 1002 1748 excrescunt.
1049 1682 1192 1767 Denique
1214 1682 1248 1748 in
1271 1681 1377 1759 Italia,

283 1782 365 1848 siout
393 1790 426 1847 et
439 1782 561 1866 antiqui
575 1781 773 1868 seripserunt,
789 1783 872 1847 circa
885 1781 969 1847 diem
982 1783 1097 1848 natalis
1112 1783 1249 1863 Domini,
1265 1805 1378 1848 novem

282 1882 378 1967 pedes
391 1883 424 1947 in
438 1883 552 1948 umbra
567 1890 695 1948 staturae
709 1883 853 1947 humanm
874 1883 951 1948 hore
971 1890 1062 1948 sexta
1080 1882 1263 1950 metiuntur.
1308 1882 1379 1969 Ego

282 1990 390 2047 antem
403 1982 437 2047 in
454 1981 558 2048 Gellia
572 1982 709 2069 Belgica,
727 1983 760 2047 in
774 1984 842 2048 loco
856 1983 910 2067 qui
928 1983 1059 2049 Totouis
1072 1983 1147 2048 villa
1160 1983 1288 2060 dieitur,
1303 2006 1379 2047 oon-

283 2082 424 2162 stitutus,
454 2092 556 2149 status
582 2083 644 2148 mci
671 2082 814 2148 umbram
842 2083 985 2162 metiens,
1010 2082 1119 2148 decem
1147 2091 1180 2148 et
1204 2104 1317 2149 novem
1343 2091 1377 2148 et

283 2182 379 2249 semis
398 2183 494 2269 pedes
514 2183 631 2248 inveni.
682 2182 735 2248 Sic
749 2206 870 2268 qunque
884 2184 1039 2250 contrario
1055 2182 1160 2262 modo,
1174 2192 1291 2267 quanto
1306 2206 1379 2270 pro·

283 2284 428 2370 pinquins
452 2283 614 2348 meridiem
628 2306 736 2349 versus
756 2284 797 2349 ad
817 2285 913 2350 solem
930 2282 1098 2362 acceditur,
1113 2291 1239 2348 tantum
1255 2305 1379 2369 semper

282 2384 400 2449 umbrae
424 2383 581 2450 breviores
604 2383 770 2459 videntur;
807 2383 839 2449 iu
865 2392 1000 2463 tautum,
1027 2395 1064 2449 nt
1089 2382 1222 2449 solstitio
1245 2384 1378 2450 aestivali

281 2484 454 2571 respiceute
474 2483 538 2549 sole
561 2484 601 2550 de
617 2484 721 2550 medio
735 2484 812 2562 ooeli,
829 2485 861 2550 iu
877 2485 1026 2571 AEgypto
1041 2492 1073 2549 et
1088 2483 1327 2571 Hierosolymis,
1343 2492 1378 2549 et

281 2586 314 2650 in
339 2608 447 2650 eornm
468 2584 630 2651 vicinitate
652 2584 832 2652 constitutis
851 2585 938 2664 loeis,
952 2585 1044 2650 uulloe
1066 2584 1233 2650 videantur
1247 2584 1376 2649 umbrae.

284 2684 322 2750 lu
338 2686 459 2751 Arabia
471 2708 545 2750 vero
561 2686 620 2749 hoc
640 2686 708 2771 ipsc
729 2693 869 2771 tempore
891 2685 937 2751 sol
959 2707 1052 2771 supra
1072 2683 1212 2749 medium
1234 2684 1312 2762 coeli,
1334 2684 1377 2749 ad

284 2794 406 2872 partem
420 2785 574 2870 aquilonis
593 2787 741 2864 cernitur,
763 2786 942 2870 umbraeque
959 2808 1048 2852 versa
1060 2784 1130 2850 vice
1150 2794 1261 2851 contra
1282 2785 1378 2851 meri·

282 2886 366 2952 diem
379 2886 535 2951 videntur.

328 2986 392 3051 VI.
415 2986 482 3051 Nec
509 2986 587 3052 satis
615 2987 723 3073 procul
750 2986 793 3050 ab
821 2986 881 3051 hoe
902 2985 943 3050 de
964 3009 1025 3071 quo
1047 2985 1252 3072 praemisimus
1272 2985 1375 3063 litore,

281 3094 392 3153 eontra
414 3086 640 3152 occidentalem
661 3094 871 3173 partemque
892 3085 959 3151 sine
981 3084 1043 3150 fine
1068 3085 1229 3151 Oceanum
1249 3086 1377 3173 pelagus

282 3194 382 3273 patet,
408 3186 647 3273 profundissima
671 3209 823 3271 aquarum
843 3187 897 3251 illa
918 3208 1033 3271 vorago
1060 3194 1118 3265 est,
1143 3208 1236 3270 quam
1259 3186 1377 3252 usitato

282 3286 408 3353 nomine
429 3287 525 3353 maris
543 3287 726 3352 umbilicum
746 3309 905 3363 vocamus,
927 3309 995 3371 quae
1019 3285 1067 3352 bis
1081 3286 1112 3350 in
1128 3285 1178 3351 die
1193 3284 1307 3353 fluctus
1322 3287 1377 3351 ab·

282 3387 416 3466 sorbere,
442 3394 475 3451 et
499 3409 622 3453 rursum
647 3410 789 3454 evomere
815 3386 946 3452 dieitur:
970 3386 1052 3452 siem
1074 3409 1130 3472 per
1154 3387 1298 3452 universa
1322 3385 1377 3451 ills

281 3488 385 3565 litora,
403 3487 623 3552 accedentibus
639 3495 672 3552 et
694 3486 910 3552 recedentibus
926 3484 1082 3563 fluctibus,
1100 3486 1260 3552 celeritate
1280 3487 1378 3551 nimia

282 3586 349 3653 fieri
370 3588 599 3672 comprobatur.
645 3582 836 3673 Hujusmodi
857 3609 973 3673 vorago
994 3587 1059 3653 sive
1080 3586 1212 3675 vertigo,
1239 3610 1259 3652 a
1284 3594 1377 3673 poeta

284 3688 418 3776 Virgilio
440 3686 616 3774 Charybdis
636 3686 821 3773 appellatur,
845 3710 938 3773 quam
960 3687 1012 3752 ille
1033 3686 1066 3753 in
1087 3687 1168 3753 freto
1189 3687 1295 3753 Siculo
1309 3709 1376 3753 esse

282 3811 338 3856 suo
353 3791 385 3855 iu
401 3788 538 3855 carmine
553 3787 700 3872 loquitur,
717 3787 776 3851 hoc
792 3788 886 3852 modo
901 3788 1024 3854 diceus:

430 3914 584 3968 “Dextrum
597 3912 683 3984 Scylla
693 3912 771 3982 lctus,
782 3911 874 3966 lurum
887 3911 1027 3984 implacata
1038 3911 1183 3985 Charybdis

456 3999 573 4069 Obsidet,
584 4010 661 4072 atque
674 4000 727 4054 imo
739 3998 849 4053 barathri
860 4008 900 4053 ter
910 4000 1010 4071 gurgite
1022 4009 1107 4052 vastos

455 4086 548 4143 Sorbet
558 4087 585 4141 in
597 4087 734 4159 abruptum
748 4086 849 4153 fluctus,
862 4104 1000 4157 rursusque
1010 4084 1059 4140 sub
1070 4103 1145 4138 auras

457 4173 541 4245 &llll
552 4175 671 4241 alternos,
683 4184 710 4228 et
722 4172 807 4228 sidem
818 4173 933 4228 verbam
944 4172 1041 4227 undr.”

282 4280 336 4347 Ab
349 4281 409 4344 hau
423 4299 498 4345 saue
513 4276 552 4342 de
567 4300 628 4361 qua
642 4277 779 4344 diximus
791 4276 953 4362 vertigine,
968 4299 1049 4362 saepe
1062 4299 1158 4343 naves
1171 4276 1287 4364 raptim
1308 4300 1378 4342 cur·

280 4381 399 4466 simque
415 4378 540 4445 adtrahi
556 4375 761 4457 affirmantur,
776 4385 869 4443 tauta
880 4376 1049 4458 eeleritate,
1068 4385 1103 4443 nt
1117 4378 1303 4463 sagittarum
1321 4401 1376 4465 per
