3232 5100
632 472 914 530 EPILEGOMENA.
1232 458 1323 526 xxix

234 637 396 702 victoriam
411 635 559 721 capiunt;
576 636 629 720 qui
643 658 790 722 magnam
804 632 1002 721 postmodum
1017 633 1108 699 famis
1122 632 1283 720 penuriam
1294 632 1326 697 in

235 736 502 822 eademScoringa
510 736 669 822 provincia
678 736 823 822 perpessi,
831 733 1032 800 valdeauimo
1043 734 1232 828 consternati
1242 741 1324 799 suut.

280 836 347 901 XI.
370 837 419 902 De
441 859 502 921 qua
524 836 727 921 egredientes,
743 836 818 899 dum
843 836 874 900 in
892 835 1091 920 Mauringam
1108 833 1239 900 transire
1266 833 1327 898 dis

236 951 395 1022 ponerent,
410 936 558 1022 AssipItti
573 958 679 1001 eorum
695 936 754 1001 iter
769 935 954 1021 impediunt,
968 935 1157 1020 denegantes
1172 934 1216 999 ela
1230 934 1328 998 omni·

236 1036 338 1103 modis
358 1060 413 1122 per
434 1059 506 1102 suos
522 1036 670 1101 terminos
686 1036 864 1101 transitum.
915 1035 1014 1100 Porro
1032 1033 1241 1120 Longobardi,
1256 1056 1328 1099 cum

236 1159 365 1222 magnas
386 1137 524 1202 hostium
546 1136 651 1222 copias
672 1144 841 1213 cernerent,
866 1158 964 1220 neque
988 1157 1058 1199 cum
1083 1135 1138 1214 als,
1161 1134 1201 1199 ob
1223 1134 1329 1220 pauci·

236 1244 334 1301 tatem
349 1237 514 1314 exereitus,
532 1236 677 1322 congredi
692 1236 853 1314 auderent,
872 1235 1007 1320 dumque
1023 1235 1098 1319 qnid
1119 1257 1211 1320 agere
1234 1234 1329 1299 debe-

235 1344 315 1414 rent,
332 1337 543 1416 decernerent,
557 1336 685 1402 tandem
699 1320 868 1401 necessitas
879 1335 1040 1401 consilium
1055 1335 1180 1421 reperit.
1224 1333 1329 1399 Simu·

235 1437 302 1501 lant
328 1459 360 1502 se
385 1437 418 1501 in
444 1437 553 1502 castris
579 1437 642 1502 suis
666 1436 781 1501 habere
808 1435 1042 1522 cynocephalos,
1075 1435 1108 1499 id
1138 1442 1195 1513 est,
1224 1435 1327 1499 canini
1352 1456 1356 1465 ’

236 1537 347 1623 eapitis
360 1537 518 1603 homines:
546 1535 709 1622 divulgant
726 1536 809 1622 apud
826 1538 932 1602 hostes
948 1537 1004 1601 hos
1026 1534 1226 1620 pertinaciter
1246 1535 1329 1600 bella

233 1660 349 1722 gerere,
367 1637 538 1702 humanum
555 1636 735 1721 sanguinem
749 1636 866 1715 bibere,
881 1644 914 1701 et
933 1636 959 1700 si
979 1638 1100 1701 hostem
1122 1634 1243 1720 assequi
1266 1658 1327 1699 non

236 1737 364 1822 possint,
393 1736 551 1823 proprium
576 1745 685 1822 potare
710 1759 861 1801 cruorem.
917 1735 1027 1821 thue
1060 1735 1132 1800 huic
1166 1736 1328 1801 assertioni

237 1834 331 1901 fidem
347 1837 493 1911 facerent,
510 1837 661 1921 ampliant
675 1837 822 1913 tentoria,
840 1837 1045 1923 plurimosque
1062 1836 1095 1900 in
1110 1835 1219 1901 castris
1241 1836 1329 1922 ignes

166 1976 170 1985 ·
237 1936 422 2003 accendunt.
467 1936 530 2002 His
543 1937 649 2002 hostes
663 1936 789 2014 auditis,
803 1936 937 2022 visisque
953 1936 1069 2002 creduli
1084 1934 1197 2014 effecti,
1212 1936 1329 2002 bellum

238 2035 322 2120 qnod
336 2036 545 2112 minabantur,
555 2034 624 2122 jam
641 2043 763 2101 tentare
779 2059 841 2101 non
857 2037 985 2102 audent.

284 2135 370 2200 XII.
394 2135 566 2201 Habebant
596 2149 702 2201 tamen
733 2134 818 2222 apud
847 2159 879 2201 se
911 2137 1013 2201 virum
1044 2135 1257 2215 fortissimum,
1290 2136 1330 2202 de

239 2233 328 2321 cujus
353 2234 492 2301 fidebant
515 2236 640 2313 viribus,
671 2258 759 2321 posse
785 2258 819 2301 se
848 2236 1050 2321 proculdubio
1075 2236 1216 2302 obtinere
1247 2238 1331 2321 quod

238 2337 363 2416 vellent,
396 2338 479 2401 hunc
512 2337 612 2402 solum
643 2359 706 2422 prae
744 2336 887 2402 omnibus
923 2345 1134 2421 pugnaturum
1170 2334 1331 2423 objiciunt.

241 2435 457 2521 Mandantque
473 2437 696 2523 Longobardis,
712 2443 749 2500 nt
762 2459 860 2501 unum
874 2459 966 2521 quem
983 2437 1098 2501 vellent
1112 2459 1237 2502 suornm
1259 2437 1332 2502 mit-

240 2543 352 2613 terent,
375 2538 427 2621 qui
450 2559 521 2602 cum
544 2560 581 2601 eo
605 2537 647 2601 ad
669 2537 823 2622 singulare
838 2545 995 2601 certamen
1010 2537 1119 2615 exiret,
1137 2559 1175 2601 ea
1188 2536 1333 2602 videlicet

240 2634 427 2716 conditione,
445 2646 482 2702 nt
504 2638 528 2701 si
549 2659 625 2703 suus
647 2637 777 2701 bellator
794 2636 956 2701 victoriam
977 2645 1112 2723 caperet,
1136 2636 1335 2722 Longobardi

240 2736 351 2803 itinere
373 2761 433 2822 quo
450 2745 597 2802 venerant
618 2737 759 2802 abirent:
787 2737 835 2802 sin
856 2760 939 2801 vere.
951 2744 1148 2823 superaretur
1163 2738 1209 2820 ab
1224 2737 1332 2817 altero,

240 2846 316 2902 tunc
342 2861 375 2903 se
404 2837 618 2923 Langobardis
641 2838 807 2902 transitum
831 2860 887 2923 per
909 2835 986 2902 fines
1010 2838 1151 2924 proprios
1171 2859 1233 2902 non
1256 2839 1335 2903 veti·

240 2945 337 3004 turos.
394 2938 534 3023 Cumque
561 2937 769 3023 Longobardi,
797 2960 889 3023 quem
914 2960 931 3001 e
961 2937 1025 3003 suis
1053 2937 1158 3023 potius
1186 2937 1335 3004 adversus

239 3037 341 3103 virum
362 3038 627 3105 bellicosissimum
651 3037 823 3115 mitterent,
846 3037 1050 3123 ambigerent,
1073 3038 1200 3122 quidam
1215 3061 1255 3103 ex
1272 3061 1334 3104 ser·

240 3137 294 3203 vili
316 3139 493 3205 conditione
514 3147 625 3225 sponte
646 3160 680 3203 sc
694 3138 818 3215 obtulit,
836 3137 993 3224 promittit
1007 3160 1040 3203 se
1057 3140 1238 3223 provocanti
1252 3139 1334 3204 hosti

242 3260 497 3325 congressurum
525 3262 563 3304 ea
582 3239 711 3317 ratione,
728 3248 765 3303 ut
787 3238 813 3304 si
828 3238 867 3302 de
881 3237 971 3303 hoste
985 3237 1147 3303 victoriam
1163 3247 1296 3325 caperet,
1314 3262 1334 3303 a

244 3359 277 3402 se
296 3361 411 3423 suaque
426 3340 571 3426 progenie
588 3338 748 3405 servitutis
769 3360 892 3404 navum
913 3338 1081 3404 aufenent.
1127 3339 1211 3422 Quid
1228 3340 1334 3426 plural

241 3445 404 3523 gratanter
420 3461 488 3523 quae
502 3439 714 3525 postulaverat
728 3461 794 3505 esse
808 3439 945 3505 facturos
961 3439 1152 3523 pollicentur.
1198 3441 1335 3526 Aggres

243 3559 296 3603 sus
317 3538 440 3604 hostem
462 3538 653 3624 expugnavit
676 3547 709 3603 et
730 3539 826 3614 vicit;
857 3539 1071 3625 Longobardis
1089 3540 1271 3605 transeundi
1287 3540 1335 3605 fa-

244 3638 404 3715 cultatem,
416 3638 474 3704 sibi
486 3637 618 3723 suisque,
630 3646 668 3704 ut
682 3648 857 3724 optaverat,
863 3637 938 3725 jura
950 3639 1104 3706 libertatis
1116 3640 1261 3725 iudeptus
1276 3650 1334 3706 est.

288 3738 394 3803 XIII.
417 3738 521 3825 Igitur
552 3737 750 3824 Langobardi
783 3739 912 3805 tandem
946 3739 978 3803 in
1003 3739 1204 3826 Mauringam
1226 3763 1334 3825 perve-

242 3838 372 3918 nientes,
397 3848 435 3905 ut
457 3839 644 3904 bellatorum
669 3839 788 3924 possint
812 3839 961 3926 ampliare
986 3862 1159 3917 numerum,
1186 3840 1289 3926 plures
1313 3864 1334 3905 a

240 3939 342 4006 servili
362 3939 441 4026 jugo
466 3947 598 4024 ereptos,
623 3937 666 4004 ad
690 3938 844 4005 libertatis
868 3947 986 4005 statum
1011 3940 1204 4027 perducunt3
1237 3949 1333 4026 utque

240 4049 310 4105 rata
334 4062 441 4105 eorum
462 4039 570 4106 haberi
595 4047 700 4125 posset
722 4039 857 4117 libertas,
880 4041 1022 4106 sanciunt
1047 4063 1132 4105 more
1157 4041 1249 4106 solito
1277 4065 1333 4127 per

240 4141 397 4225 sagittam,
413 4140 685 4205 Immurmurantes
702 4140 910 4219 nihilominus,
927 4141 967 4205 ob
981 4140 1026 4207 rei
1041 4140 1231 4219 firmitatem,
1248 4165 1333 4226 quae·

243 4240 316 4305 dam
338 4241 440 4327 patria
461 4240 565 4305 verba.
611 4239 736 4326 Egressi
753 4241 860 4325 itaque
878 4240 1076 4328 Lougobardi
1093 4240 1132 4305 de
1151 4242 1330 4327 Maranga,

240 4341 457 4427 applicuerunt
481 4340 513 4405 in
539 4339 693 4419 Golanda,
715 4342 771 4406 ubi
794 4341 952 4426 aliquanto
981 4350 1121 4427 tempore
1150 4342 1331 4406 commorati
1400 4378 1405 4387 ·

240 4439 397 4508 dicuntur.
448 4440 525 4506 Post
554 4441 622 4506 haec
650 4442 792 4507 Authaib
818 4450 851 4506 et
881 4441 1049 4520 Banthaib,
1077 4442 1145 4527 pari
1177 4441 1271 4506 modo
1300 4449 1333 4507 et
