3202 5076
275 471 374 543 lxxv'i
539 486 616 543 rna
640 485 823 541 aunuum
850 486 900 583 or
924 488 1092 546 uacuus.

275 651 410 717 Romani
434 649 542 731 velint,
564 670 654 735 posse
678 647 724 714 eis
747 647 841 713 utiles
862 670 929 714 esse
953 651 1088 717 amicos:
1117 651 1167 718 vel
1190 652 1248 719 sibi
1277 678 1368 742 agros

272 752 461 831 attribuant,
487 751 537 815 vel
557 748 719 836 patiantur
740 771 793 815 eos
810 756 926 829 tenere,
948 773 1025 835 quos
1049 753 1144 818 armis
1163 755 1368 840 possederint.

274 852 351 919 Sese
379 852 448 918 unis
474 850 585 916 Suevis
611 848 791 924 concedere,
818 849 929 933 quibus
947 872 987 915 ne
1015 851 1059 918 dii
1088 852 1214 936 quidem
1241 855 1367 922 immor·

273 954 353 1019 tales
368 974 457 1039 pares
474 974 540 1017 esse
555 949 694 1036 possint:
719 948 871 1036 reliquum
887 950 1012 1036 quidem
1027 952 1058 1017 in
1075 954 1167 1020 terris
1181 978 1247 1022 esse
1269 959 1367 1023 nemi-

272 1077 354 1133 nem,
373 1075 465 1138 quem
479 1074 541 1116 non
559 1072 704 1136 superare
719 1050 871 1135 possint.'’

318 1153 419 1218 v111.
442 1152 496 1217 Ad
518 1152 585 1217 haec
609 1151 724 1225 Caesar,
742 1172 810 1234 quae
823 1149 924 1216 visum
939 1157 997 1227 cst,
1013 1153 1192 1239 respoudit,
1216 1155 1276 1221 sed
1298 1159 1366 1225 exi·

272 1262 325 1321 tus
344 1252 404 1319 fuit
415 1252 579 1318 orationis:
603 1248 698 1315 “Sibi
716 1251 833 1315 nullam
848 1273 919 1315 cum
933 1251 982 1317 his
998 1253 1169 1319 amicitiam
1182 1277 1249 1322 esse
1263 1279 1361 1341 posse,

273 1354 355 1420 siin
382 1353 486 1419 Gallia
512 1358 730 1418 remanerent:
755 1373 854 1435 neque
876 1373 985 1417 verum
1010 1375 1088 1431 essu,
1114 1355 1167 1438 qui
1188 1377 1260 1421 suos
1285 1355 1363 1425 fines

272 1457 353 1521 tueri
379 1477 442 1520 non
462 1452 631 1539 potuerint,
654 1451 770 1516 alienos
791 1473 963 1537 occupare:
987 1476 1086 1538 neque
1107 1456 1187 1520 ullos
1205 1457 1238 1521 in
1257 1456 1363 1525 Gallie

270 1578 381 1621 vacare
409 1577 511 1640 agros,
545 1551 598 1638 qui
630 1550 699 1616 dari
727 1558 825 1615 tantas
857 1551 1028 1634 praesertim
1061 1554 1265 1634 multitudini,
1295 1558 1362 1624 sine

270 1653 385 1741 injuria
411 1654 542 1741 possint.
599 1650 662 1715 Sed
688 1651 789 1726 licere,
816 1673 850 1716 ss
866 1650 974 1730 velint,
1001 1652 1034 1718 in
1063 1654 1219 1720 Ubiorum
1246 1654 1361 1725 finibus

269 1757 439 1832 considere,
467 1775 598 1838 quorum
620 1750 683 1816 siut
709 1749 804 1836 legati
829 1750 914 1836 apud
937 1774 970 1817 se
991 1761 1023 1817 et
1045 1753 1085 1818 dc
1108 1754 1281 1822 Suevomm
1310 1759 1361 1823 in-

263 1853 357 1942 juriis
388 1860 556 1939 querantur
584 1858 616 1916 et
644 1872 666 1915 a
696 1872 729 1916 se
760 1850 912 1915 auxilium
936 1860 1067 1938 petant;
1100 1857 1159 1921 hoc
1190 1878 1223 1923 se
1251 1858 1293 1923 ab
1320 1858 1360 1924 iis

268 1952 528 2042 impetraturum?

272 2082 275 2089 ·
314 2057 381 2121 ΙΧ.
404 2053 516 2140 Legati
551 2051 619 2116 haee
656 2073 690 2116 se
728 2050 771 2116 ad
797 2074 870 2118 suos
898 2051 1050 2119 relaturos
1078 2054 1226 2123 dixerunt
1253 2065 1295 2139 et,
1325 2082 1361 2125 re

269 2156 451 2232 deliberata,
467 2162 538 2240 post
555 2152 638 2217 diem
655 2151 783 2217 tertium
798 2152 839 2218 ad
857 2151 1011 2218 Caesarem
1025 2177 1214 2222 reversuros:
1238 2158 1359 2227 interea

268 2280 308 2322 ne
336 2256 462 2343 propius
488 2277 521 2319 se
547 2259 650 2318 castra
672 2260 822 2332 moveret,
848 2253 1016 2340 petierunt.
1062 2263 1083 2293 “
1096 2256 1145 2322 Ne
1170 2256 1203 2321 id
1231 2259 1357 2342 quidem

268 2357 373 2425 Oaesar
393 2356 434 2422 ab
456 2377 489 2421 se
510 2352 670 2440 impetrari
692 2352 812 2439 posse”
832 2354 937 2429 dixit3
961 2365 1147 2440 cognoverat
1162 2356 1254 2435 enim,
1269 2381 1356 2445 mag·

266 2480 340 2524 nuru
367 2464 489 2544 partem
514 2455 672 2540 equitatus
698 2454 739 2519 ab
763 2453 802 2519 iis
823 2453 941 2540 aliquot
964 2454 1074 2521 diebus
1095 2465 1168 2522 aute
1193 2458 1356 2544 praedandi

267 2556 537 2641 frumentandique
559 2577 670 2620 caussa
685 2555 727 2619 ad
744 2554 959 2620 Ambivaritos
975 2564 1061 2621 trans
1078 2556 1200 2623 Mosam
1216 2559 1355 2625 missam.

268 2658 339 2723 Hos
355 2656 528 2745 exspectari
546 2655 665 2740 equites
676 2663 770 2739 atque
785 2651 851 2740 ejus
867 2655 912 2721 rei
926 2677 1035 2722 caussa
1056 2679 1175 2723 moram
1190 2658 1354 2745 interponi,

264 2758 488 2826 arbitrabatur.

311 2861 358 2924 X.
382 2858 476 2924 Mosa
500 2853 626 2944 profluit
657 2876 698 2919 ex
726 2862 832 2920 monte
850 2853 987 2941 Vosego,
1019 2855 1073 2942 qui
1104 2863 1151 2923 est
1183 2855 1357 2927 infinibus

268 2960 455 3047 Lingonum,
471 2965 514 3037 et,
533 2963 622 3043 parte
643 2954 777 3039 quadam
799 2978 839 3020 ex
864 2954 973 3021 Rheno
995 2964 1130 3044 recepta,
1153 2981 1223 3042 quae
1245 2959 1355 3045 adpel-

266 3061 350 3126 latur
380 3058 512 3125 Vahalis
549 3056 743 3139 insulamque
774 3053 869 3121 efficit
900 3056 1104 3134 Batavorum,
1134 3057 1167 3123 in
1193 3059 1355 3127 Oceanum

265 3158 377 3241 influit,
412 3182 512 3244 neque
541 3156 662 3243 longius
691 3155 733 3221 ab
763 3154 888 3221 Oceano
914 3156 1051 3223 millibus
1077 3181 1225 3244 passuum
1257 3184 1355 3228 uxxx.

264 3263 297 3327 in
313 3262 457 3326 Rhenum
476 3257 598 3325 transit.
641 3256 771 3322 Rhenus
787 3264 900 3321 ‘autem
925 3257 1025 3322 oritur
1051 3281 1091 3323 ex
1116 3259 1286 3346 Lepontiis,
1301 3261 1355 3347 qui

264 3361 364 3449 Alpes
377 3361 525 3438 incolunt,
541 3365 573 3423 at
594 3357 687 3442 longo
710 3356 810 3441 spatio
833 3380 887 3442 per
909 3355 985 3422 fines
998 3356 1216 3437 Nantuatium,
1236 3361 1357 3428 Helve-

263 3462 390 3538 tiorum,
417 3460 639 3545 Sequanomm,
665 3456 982 3537 Mediomntrimrnm,
1010 3458 1224 3539 Tribucorum,
1248 3461 1356 3527 Trevi-

263 3584 368 3628 rorum
393 3561 509 3626 citatus
532 3559 632 3625 fertur
656 3564 700 3634 st,
717 3557 771 3622 ubi
794 3556 920 3622 Oceano
940 3558 1179 3645 adpropinquat,
1195 3562 1227 3624 in
1250 3562 1354 3646 plures

263 3660 376 3728 diffluit
402 3669 516 3748 partes,
538 3659 646 3725 multis
668 3657 906 3743 ingentibusque
933 3658 1041 3733 insulis
1065 3660 1192 3739 effectis,
1221 3682 1352 3743 quarum

263 3785 335 3848 pars
349 3785 463 3848 magna
478 3784 500 3826 a
511 3759 585 3826 seris
598 3757 797 3841 barbarisque
812 3757 990 3824 nationibus
1006 3756 1152 3825 lucolitur
1170 3763 1225 3842 (ex
1240 3760 1352 3845 quibus

261 3870 347 3937 sunt,
378 3863 432 3947 qui
461 3860 595 3948 piscibus
622 3867 717 3942 atque
745 3856 813 3924 ovis
846 3858 952 3924 avium
982 3860 1087 3926 vivere
1116 3858 1350 3947 existimantur)

260 3963 428 4048 multisque
443 3960 597 4047 capitibus
610 3959 642 4023 in
657 3958 817 4024 Oceanum
831 3957 944 4023 influit.

307 4062 376 4128 XI.
401 4063 504 4128 Oaesar
535 4082 631 4146 quum
659 4058 700 4124 ab
732 4058 822 4124 hoste
854 4082 917 4125 non
946 4059 1079 4145 amplius
1109 4082 1256 4145 passuum
1290 4082 1350 4127 ru.

260 4163 398 4230 millibus
420 4163 555 4238 abesset,
570 4168 605 4225 ut
630 4167 697 4224 erat
726 4159 941 4239 coustitutum,
963 4159 1005 4224 ad
1032 4182 1103 4224 eum
1128 4160 1223 4246 legati
1247 4184 1353 4227 rever«

261 4272 392 4330 tuntur:
431 4263 494 4349 qui,
523 4262 556 4326 in
587 4260 697 4325 itinere
726 4261 890 4346 congressi,
929 4282 1127 4346 magnopere,
1157 4282 1198 4325 ne
1227 4260 1350 4350 longius

260 4363 506 4451 progrederetur,
533 4361 675 4427 orabant.
722 4359 825 4441 Quum
854 4361 888 4425 id
916 4382 979 4426 uon
1006 4360 1234 4446 impetrassent,
1261 4374 1350 4450 pete·

260 4464 348 4545 baut,
362 4465 411 4532 uti
432 4465 475 4531 ad
501 4486 554 4530 eos
578 4461 706 4548 equites,
731 4460 783 4546 qui
809 4484 921 4548 agmen
944 4461 1194 4543 antecessissent,
1209 4463 1350 4550 praemit·
