3232 5100
504 469 625 527 nonus
650 472 702 529 ou
729 472 886 529 sscmon
911 473 1000 528 xcv.
1229 455 1299 527 165

209 620 352 714 insuper
367 629 581 719 emergentis
598 629 721 719 audiri,
737 630 935 721 formasque
953 628 1111 711 deorum,
1127 636 1165 698 et
1182 629 1297 699 radios

208 739 351 830 capitis²
377 744 483 835 aspici
501 746 677 837 persuasio
703 746 835 839 adjicit.
886 744 979 816 Illuc
996 768 1107 838 usque
1125 747 1177 839 (et
1200 745 1295 816 fama

209 859 306 950 vera)
325 860 613 932 tantirmnntura.
664 861 759 956 Ergo
770 864 846 955 jam
866 863 992 933 dextro
1010 860 1152 932 Suevici
1171 863 1294 933 maris³

210 966 314 1042 litore
330 974 522 1047 AEstiorum
543 980 687 1071 gentes⁴
711 978 912 1050 alluuntur:
938 978 1065 1071 quibus
1091 979 1181 1049 ritus
1196 978 1294 1048 habi·

208 1096 335 1180 tusque
369 1090 577 1178 Suevorum,
608 1093 730 1188 lingua
755 1094 969 1166 Britannicae
996 1095 1162 1189 propior.⁶
1212 1094 1294 1193 Ma·

207 1210 299 1274 trem
325 1207 431 1280 deirm
458 1220 688 1283 venerantur:
715 1213 853 1306 insigne
878 1212 1146 1304 superstitionis,
1165 1211 1294 1282 formas

208 1341 369 1412 aprorum
391 1336 543 1418 gestant.
595 1328 638 1399 Id
663 1353 727 1422 pro
751 1329 858 1400 armis
883 1330 1050 1421 omnique
1076 1326 1214 1398 tuteli:
1241 1351 1293 1399 se·

161 1514 164 1523 ,
206 1458 329 1510 curum
373 1443 446 1513 deae
488 1445 658 1516 cultorem
700 1447 809 1516 etiam
851 1446 946 1515 inter
984 1445 1103 1515 hostes
1138 1454 1291 1536 praestat.

207 1551 318 1626 Rarus
346 1558 438 1643 ferri,
469 1561 632 1654 frequens
662 1564 808 1634 fustium
833 1585 923 1633 usus.
976 1560 1171 1632 Frumenta
1198 1571 1293 1631 cete-

207 1693 332 1765 rosque
361 1676 496 1750 fructus
529 1680 732 1771 patientiis,
765 1678 872 1773 quim
907 1702 971 1771 pro
1005 1676 1111 1748 soliti
1145 1677 1292 1749 Germa·

205 1809 332 1860 norum
366 1791 504 1877 inertia,
539 1796 707 1867 laborant.
759 1796 831 1866 Sed
865 1803 901 1866 et
940 1817 1036 1865 mare
1070 1803 1293 1876 scrutantur3

206 1927 247 1975 ac
281 1905 347 1977 soli
376 1912 535 1982 omnium
564 1914 757 1996 succinum,
787 1913 881 2004 quod
911 1913 977 2004 ipsi
995 1907 1123 2008 plerum
1152 1921 1290 1994 vocant,

170 2112 174 2119 ⁴
206 2022 301 2095 inter
336 2024 424 2095 vada
456 2036 563 2120 atque
597 2029 633 2098 in
663 2029 738 2121 ipso
769 2028 873 2098 litore
903 2027 1037 2121 legunt.
1090 2026 1182 2109 Nec,
1213 2051 1290 2121 quoe

205 2145 340 2223 natura,
358 2163 479 2233 quaeve
496 2145 587 2213 ratio
603 2145 735 2237 gignat,
753 2152 794 2213 ut
811 2143 977 2226 barbaris,
991 2145 1177 2235 quaesitum
1195 2166 1291 2213 corn-

205 2265 401 2347 pertumve.
453 2258 526 2329 Diu
554 2262 747 2352 quinetiam
778 2261 872 2329 inter
905 2260 1292 2352 cetera,ejectamenta

205 2374 310 2444 maris
336 2375 491 2467 jacebat,
526 2377 638 2449 donec
671 2376 812 2448 luxuria
849 2387 969 2447 nostra
1006 2376 1105 2446 dedit
1124 2398 1289 2496 promen:

205 2490 288 2581 ipsis
322 2492 358 2561 iu
387 2492 485 2564 nullo
513 2517 601 2578 usu3
635 2495 723 2564 rude
753 2493 892 2586 legitur,
922 2492 1074 2562 informe
1104 2493 1289 2584 perfertur,

205 2608 428 2711 pretiumque
456 2612 625 2682 mirantes
651 2611 841 2703 accipiunt.
893 2607 1047 2679 Suecum
1081 2618 1202 2678 tamen
1237 2632 1292 2678 ar-

206 2723 331 2795 borum
363 2749 437 2798 esse
471 2727 658 2822 intelligas,
694 2728 777 2821 quia
809 2735 950 2796 terrena
984 2726 1143 2817 quaedam
1181 2735 1289 2817 atque

205 2841 311 2911 etiam
342 2844 496 2914 volucria
529 2843 694 2915 animalia
720 2843 927 2936 plerumque
957 2840 1183 2923 interlucent,
1214 2864 1291 2934 que

204 2955 385 3050 implicata
414 2961 571 3045 humore,
599 2984 683 3031 mox
712 2961 919 3030 durescente
949 2956 1108 3042 materiai,
1144 2957 1291 3029 cludun-

204 3085 272 3143 tur.
323 3076 543 3149 Fecundiora
571 3078 680 3171 igitur
705 3100 851 3146 nemora
877 3074 1054 3167 lucosque,
1083 3077 1175 3145 sicut
1210 3074 1290 3146 Ori·

204 3193 297 3263 entis
330 3196 484 3278 secretis,
523 3196 583 3266 ubi
617 3194 722 3264 thura
759 3191 984 3285 balsamaque
1018 3191 1199 3272 sudantur,
1236 3193 1297 3262 ἰια

204 3308 411 3382 Occidentis
444 3312 567 3384 insulis
600 3312 772 3404 terrisque
809 3311 922 3380 inesse
956 3310 1176 3393 crediderim,
1212 3333 1288 3402 quae

204 3425 311 3495 vicini
337 3428 419 3498 solis
446 3430 551 3501 radiis
580 3451 744 3523 expressa
770 3438 878 3520 atque
909 3426 1082 3519 liquentia
1109 3428 1146 3496 in
1173 3430 1292 3520 proxi-

201 3565 301 3612 mum
331 3567 427 3615 mare
453 3545 629 3628 labuntur,
656 3568 697 3615 ac
729 3546 763 3615 vi
794 3551 1048 3636 tempestatum
1075 3545 1113 3613 in
1142 3543 1289 3615 adversa

202 3659 307 3730 litora
340 3662 532 3733 exundant.
584 3661 623 3733 Si
661 3670 822 3731 naturam
857 3661 990 3731 succini
1024 3660 1168 3730 admoto
1203 3663 1286 3754 igue

201 3784 327 3860 tentes,
355 3779 390 3848 in
417 3780 561 3849 modurn
591 3778 682 3849 tedae
710 3776 923 3861 accenditur,
948 3775 1082 3869 alitque
1107 3776 1286 3846 flammam

200 3894 367 3987 pinguem
396 3900 434 3967 et
463 3895 642 3966 olentem:
677 3917 761 3964 mox
794 3902 835 3964 ut
867 3894 904 3963 in
937 3894 1054 3986 picem
1088 3894 1285 3964 resinamve

200 4009 374 4083 lentescit.
428 4010 619 4083 Suionibus
657 4010 825 4082 Sitonum
858 4018 985 4104 gentes
1019 4010 1283 4081 continuantur.

200 4127 331 4199 Cetera
347 4128 488 4211 similes,
506 4153 578 4200 uno
594 4127 770 4211 differunt,
788 4123 884 4220 quod
903 4127 1036 4197 femina
1051 4127 1254 4199 dominatur
1264 4122 1288 4200 :⁶

199 4245 237 4315 in
255 4254 395 4316 tantum
420 4268 493 4317 non
508 4242 615 4316 modo
632 4269 653 4317 a
671 4246 846 4330 libertate,
864 4244 926 4316 sed
948 4244 1059 4317 etiam
1077 4267 1098 4317 a
1115 4245 1287 4316 servitute

199 4362 426 4455 degenerant.
481 4357 554 4434 Hic
571 4362 711 4434 Sueviae
726 4362 817 4432 finis.
1009 4355 1014 4362 ’
