3202 5076
600 494 894 553 enonaoounnu.
1219 483 1297 555 lxix

201 656 243 720 ad
270 657 478 723 remitteret.
529 656 732 743 colloquendi
748 657 863 724 Oaesari
886 679 996 727 caussa
1018 659 1085 725 risa
1106 682 1169 726 non
1191 670 1249 745 eat,
1264 674 1297 730 et

200 779 237 820 eo
255 759 364 843 magis,
378 758 461 844 quod
477 758 576 845 pridie
591 757 658 845 ejus
682 758 743 823 diei
759 757 908 823 Germani
923 758 1049 825 retineri
1062 782 1123 826 uon
1139 770 1295 846 poterant,

199 858 273 940 quin
291 858 322 922 in
337 868 458 923 nostros
471 860 534 925 tela
548 858 746 946 conjicerent.
798 858 953 943 Legatum
971 882 1011 924 ex
1026 860 1090 926 suis
1099 884 1166 927 sese
1180 885 1296 949 magno

200 980 271 1023 cum
296 958 432 1044 periculo
454 958 496 1024 ad
525 982 599 1025 eum
623 960 799 1037 missurum,
826 966 859 1024 et
887 959 1067 1027 hominibus.
1090 962 1164 1028 feris
1193 961 1295 1049 objec-

201 1066 307 1124 turum
339 1058 551 1126 existimabat.
607 1057 901 1125 Commodissimum
932 1059 1034 1126 risum
1065 1069 1125 1137 est,
1159 1062 1196 1129 0.
1227 1062 1295 1131 Va-

199 1156 309 1224 lerium
328 1158 509 1236 Procillum,
526 1160 562 1226 O.
579 1159 699 1225 Valerii
714 1159 829 1227 Caburi
858 1158 964 1239 lilium,
980 1183 1103 1227 summa
1116 1163 1233 1230 virtute
1259 1174 1293 1232 et

197 1257 394 1325 humanitate
418 1260 646 1328 adolescentem
677 1259 780 1348 (cujus
806 1266 937 1346 patera
962 1261 999 1328 O.
1018 1259 1147 1329 Valerio
1176 1263 1291 1331 Flacco

197 1357 328 1426 civitate
349 1360 484 1429 donatus
508 1360 602 1446 erat),
628 1370 662 1427 et
686 1370 815 1448 propter
838 1358 941 1439 fidem,
965 1371 997 1427 et
1023 1371 1151 1450 propter
1176 1364 1290 1452 lingua

199 1457 326 1525 Gallica
349 1461 521 1540 scientiam,
547 1485 609 1546 qua
630 1461 730 1526 multa
744 1458 815 1547 jam
836 1459 1015 1529 Ariovistus
1036 1462 1202 1550 longinqua
1216 1489 1291 1531 con-

197 1560 360 1626 suetudine
375 1561 533 1642 utebatur,
555 1570 588 1627 et
608 1562 692 1647 quod
713 1561 744 1627 in
769 1584 807 1626 eo
828 1561 977 1646 peccandi
1000 1561 1165 1630 Germanis
1180 1588 1290 1633 caussa

196 1680 258 1724 non
288 1671 379 1741 esset,
403 1662 445 1727 ad
474 1685 546 1728 eum
573 1663 708 1741 mittere,
734 1670 767 1728 et
797 1662 845 1727 M.
876 1660 1040 1740 Mettium,
1066 1663 1118 1749 qui
1152 1665 1288 1753 bospitio

195 1757 349 1827 Ariouisti
360 1784 435 1829 usus
444 1770 522 1828 erat.
569 1762 631 1829 His
642 1762 813 1840 mandavit,
824 1770 871 1838 ut,
884 1785 952 1847 quse
962 1763 1080 1829 diceret
1093 1763 1286 1844 Ariovistus,

193 1871 415 1946 cognoscerent
440 1871 472 1928 et
497 1863 539 1928 ad
565 1886 598 1929 se
625 1863 784 1929 referrent.
842 1863 928 1945 Quos
955 1886 1051 1949 quum
1080 1865 1165 1950 apud
1194 1890 1228 1933 ee
1254 1868 1287 1937 in

192 1960 306 2025 castris
332 1961 510 2029 Ariovistus
532 1965 755 2049 conspexisset,
782 1963 922 2028 exercitu
943 1987 1000 2029 suo
1024 1974 1188 2051 praesente,
1212 1990 1286 2032 con-

193 2058 365 2127 clamavit:
391 2061 503 2144 “Quid
528 2063 570 2128 ad
595 2086 629 2129 se
653 2064 814 2129 venirent?
850 2063 904 2128 An
925 2064 1105 2149 speculandi
1126 2068 1286 2135 caussat”

192 2157 345 2227 conantis
360 2162 461 2227 dicere
478 2162 635 2248 prohibuit
650 2173 682 2227 et
697 2163 728 2228 in
746 2172 872 2228 catenas
885 2161 1026 2250 conjecit.

237 2260 408 2329 XLVIII.
442 2262 564 2328 Eodem
600 2262 651 2327 die
686 2271 789 2328 castra
814 2264 969 2349 promovit
994 2272 1026 2329 et
1053 2266 1189 2333 millibus
1213 2290 1285 2353 pas-

192 2383 283 2427 suum
310 2384 366 2427 sex
391 2386 410 2428 a
436 2363 567 2429 Caesaris
588 2363 697 2429 castris
714 2363 772 2430 sub
792 2371 898 2429 monte
924 2364 1074 2430 consedit.
1126 2366 1284 2434 Postridie

190 2459 259 2547 ejus
286 2461 349 2529 diei
373 2472 486 2550 praeter
512 2472 614 2530 castra
641 2463 772 2530 Oaesaris
802 2486 875 2529 suas
907 2463 1011 2549 copias
1041 2466 1221 2532 transduxit
1251 2476 1284 2535 et

191 2559 327 2629 millibus
348 2586 494 2649 passuum
514 2563 634 2631 duobus
656 2564 739 2629 ultra
760 2587 832 2629 eum
854 2570 957 2630 castra
977 2564 1061 2642 fecit,
1085 2588 1122 2629 eo
1144 2566 1283 2647 consilio,

190 2662 240 2726 uti
263 2662 418 2729 frumento
440 2674 686 2750 commeatuque,
709 2664 762 2748 qui
783 2686 825 2730 ex
845 2662 996 2748 Sequanis
1017 2673 1050 2730 et
1073 2665 1192 2731 AEduis
1212 2689 1284 2753 sup-

190 2771 378 2847 portaretur,
394 2764 548 2831 Oaesarem
565 2765 796 2831 intercluderet.
847 2764 952 2830 Exeo
968 2764 1019 2832 die
1034 2765 1100 2831 dies
1120 2766 1284 2835 continuos

189 2863 325 2948 quinque
352 2864 457 2933 Caesar
478 2889 535 2952 pro
563 2866 674 2932 eastris
704 2888 776 2932 suaa
804 2865 910 2952 copias
936 2865 1086 2952 produxit
1117 2874 1150 2931 et
1181 2868 1280 2933 aciem

189 2962 374 3031 instructam
396 2966 515 3044 habuit,
530 2975 575 3045 ut,
594 2967 620 3032 si
637 2966 731 3032 vellet
754 2965 932 3032 Ariovistus
952 2966 1058 3051 proelio
1081 2967 1282 3049 contendere,

188 3062 218 3129 ei
232 3072 370 3150 potestas
386 3089 448 3133 non
463 3066 596 3133 deesset.
645 3065 825 3133 Ariovistus
840 3066 888 3131 his
902 3065 1045 3132 omnibus
1064 3066 1174 3133 diebus
1191 3090 1281 3133 exer-

187 3162 287 3229 citum
313 3166 424 3232 castris
449 3167 623 3244 continuit3
648 3167 782 3251 equestri
810 3167 916 3253 proelio
942 3167 1080 3250 quotidie
1106 3169 1281 3235 contendit.

188 3262 296 3331 Genus
309 3266 369 3332 hoc
380 3274 448 3333 erat
459 3289 581 3353 pugnae,
592 3289 653 3352 quo
667 3289 700 3332 se
711 3267 860 3332 Germani
872 3275 1087 3333 exercuerant.
1126 3267 1279 3352 Equitum

187 3364 287 3430 millia
319 3376 408 3432 erant
437 3389 514 3433 sex:
552 3368 685 3433 totidem
714 3390 843 3433 numero
874 3366 995 3454 pedites
1026 3368 1209 3433 velocissimi
1241 3391 1280 3434 ac

185 3464 366 3542 fortissimi3
390 3491 467 3553 quos
494 3490 534 3533 ex
557 3467 642 3533 omni
671 3467 761 3553 copia
785 3468 898 3553 singuli
917 3466 1063 3552 singulos,
1084 3491 1148 3532 suae
1169 3469 1279 3535 salutis

184 3586 303 3643 caussa,
327 3566 517 3655 delegerant.
561 3569 642 3636 Cum
664 3567 713 3633 his
734 3568 766 3631 in
788 3566 903 3653 proeliis
923 3567 1136 3646 versabantur,
1157 3569 1199 3634 ad
1220 3568 1279 3635 hos

185 3688 220 3731 se
236 3666 356 3753 equites
369 3668 582 3755 recipiebant:
606 3668 649 3746 hi,
670 3667 696 3733 si
718 3668 793 3752 quid
813 3674 880 3733 erat
898 3667 1015 3746 durius,
1031 3669 1275 3734 concurrebant:

184 3766 212 3831 si
232 3769 294 3851 qui,
317 3769 460 3854 graviore
479 3769 605 3834 vulnere
625 3775 763 3853 accepto,
786 3790 864 3852 equo
885 3766 1054 3844 deciderat,
1070 3770 1279 3834 circumsiste-

185 3866 283 3933 bant:
306 3869 333 3935 si
356 3892 416 3954 quo
442 3878 509 3935 erat
532 3868 654 3955 longius
675 3868 901 3954 prodeundum,
924 3875 980 3935 aut
1010 3868 1140 3937 celerius
1166 3869 1278 3955 recipi-

185 3967 310 4047 endum,
339 3976 430 4035 tauta
457 3978 524 4036 erat
550 3969 663 4034 horum
690 3968 913 4034 exercitatione
940 3968 1091 4048 celeritas,
1121 3978 1168 4048 ut,
1187 3968 1277 4057 jubis

182 4090 332 4152 equorum
346 4069 510 4149 sublevati,
525 4092 650 4136 cursum
664 4069 875 4154 adaequarent.

229 4167 362 4233 XLIX.
398 4170 465 4235 Ubi
488 4194 560 4237 eum
581 4169 691 4235 eastris
717 4193 751 4236 se
782 4178 887 4234 tenere
910 4169 1014 4238 cesar
1038 4168 1204 4247 Intellexit,
1236 4191 1275 4233 ne

182 4268 301 4334 diutius
329 4278 507 4337 commeatu
536 4270 761 4357 prohiberetur,
789 4270 873 4336 ultra
905 4291 977 4334 eum
1004 4269 1117 4347 locum,
1150 4291 1211 4353 quo
1242 4269 1275 4333 in

180 4369 250 4434 loco
273 4369 422 4437 Germani
443 4371 657 4449 consederant,
684 4371 808 4436 circiter
829 4392 939 4456 passus
964 4377 1128 4434 sexcentos
1151 4367 1192 4432 ab
1220 4367 1289 4457 eis,

180 4469 293 4537 castris
314 4470 463 4538 idoneum
484 4473 587 4539 locum
614 4472 741 4561 delegit,
763 4471 889 4556 acieque
910 4469 1024 4556 triplici
1048 4470 1210 4548 instructa,
1233 4465 1277 4533 ad
