3202 5076
279 382 355 453 xliv
553 397 630 452 run
652 396 833 453 onausur
862 399 910 454 or
934 399 1100 457 uacuus.

276 560 402 625 foreihle
424 560 560 625 removal
584 559 621 624 of
641 559 814 644 conquered
838 561 1044 646 populations,
1064 562 1167 629 which
1182 586 1228 629 we
1250 563 1314 632 find
1337 575 1371 632 to

275 662 354 726 have
371 661 450 726 beau
467 661 622 746 practised
642 660 755 747 hythe
773 660 876 746 Kings
890 660 927 725 of
948 662 1057 727 Persia
1070 664 1133 728 and
1148 665 1289 753 Assyria,
1306 690 1371 733 was

275 762 340 826 also
367 761 523 847 praetised
548 762 591 847 by
614 760 668 826 the
689 761 768 826 later
792 760 915 827 Roman
939 762 1117 848 Emperors.
1163 764 1195 830 It
1217 788 1281 832 was
1305 768 1371 833 oleo

276 861 432 948 praclised
447 862 492 948 by
505 883 591 926 more
605 862 682 926 than
695 884 754 927 one
768 860 935 926 Germanic
949 885 1118 947 conqueror
1128 866 1301 953 —though
1315 868 1369 932 the

276 969 368 1027 exact
392 962 469 1027 time
492 961 584 1027 when
606 961 662 1026 the
682 969 801 1048 system
821 962 922 1046 began
946 963 974 1028 is
998 962 1129 1030 difficolt
1151 972 1185 1030 to
1205 968 1370 1035 ascertain.

276 1063 307 1126 A
323 1071 451 1148 system,
466 1061 620 1139 however,
639 1061 666 1127 it
683 1067 814 1127 was-“
828 1061 947 1126 Decem
961 1062 1058 1129 millia
1073 1064 1231 1130 hominum
1251 1090 1292 1132 ex
1310 1067 1369 1145 his,

276 1163 328 1247 qui
343 1170 488 1246 utrasque
503 1163 586 1249 ripas
603 1162 697 1228 Albis
718 1160 854 1228 fluminis
875 1163 1062 1239 incolebant,
1079 1187 1151 1230 cum
1172 1168 1322 1233 uxoribus
1336 1176 1369 1233 et

275 1263 412 1348 parvulis
428 1263 568 1327 sublatos
582 1262 755 1338 transtulit,
770 1270 803 1328 et
825 1262 887 1327 huc
903 1272 998 1348 atque
1019 1264 1093 1329 illuc
1114 1288 1170 1351 per
1184 1265 1321 1332 Galliam
1335 1277 1368 1334 et

276 1362 476 1429 Germaniam
491 1362 677 1428 multimoda
692 1361 841 1428 divisione
856 1363 1046 1430 distribuit.''

318 1463 399 1529 This
423 1463 450 1528 is
474 1463 594 1529 related
620 1462 665 1548 hy
688 1462 851 1548 Eginhard
875 1463 912 1527 of
932 1465 987 1530 the
1012 1472 1102 1551 great
1126 1488 1238 1554 enemy
1257 1467 1294 1532 of
1313 1468 1368 1533 the

276 1562 677 1648 Saxona-Charlemagne.

317 1665 490 1750 Again-“
503 1664 593 1729 Misit
613 1663 783 1747 imperator
802 1661 1042 1750 (Gharlemagne
1066 1666 1147 1752 also)
1172 1688 1275 1732 scaras
1296 1689 1369 1733 suas

272 1767 305 1830 iu
321 1762 485 1829 Wimodia
503 1772 535 1828 et
556 1764 589 1828 in
605 1763 794 1848 Hostiugabi
810 1771 842 1829 et
856 1763 889 1828 in
904 1764 1070 1848 Rosogavi,
1087 1773 1124 1831 ut
1141 1767 1226 1831 illam
1240 1775 1367 1853 gentem

273 1866 355 1930 foras
382 1864 516 1950 patriam
540 1863 777 1939 transduceret;
810 1886 868 1929 nec
894 1887 957 1928 non
982 1873 1015 1929 et
1040 1865 1110 1931 illos
1137 1867 1288 1945 Saxones,
1313 1869 1367 1951 qui

273 1965 357 2029 ultra
380 1963 507 2029 Albiam
532 1971 631 2038 erant,
658 1963 839 2029 transduxit
861 1964 954 2042 foras,
976 1973 1008 2030 et
1033 1965 1138 2031 divisit
1165 1990 1219 2032 eos
1242 1968 1275 2032 in
1297 1991 1369 2055 reg-

272 2087 348 2128 num
377 2087 468 2129 suum
492 2063 546 2128 ubi
572 2063 944 2130 voluit.''—Ghronicon
969 2065 1127 2131 Moissiae.
1154 2067 1195 2132 ad
1215 2091 1265 2133 an.
1290 2072 1365 2133 804»

275 2165 386 2246 (Perta
401 2165 421 2232 i.
437 2167 527 2246 307.)

317 2265 385 2329 The
394 2264 553 2350 following
565 2266 592 2330 is
604 2287 624 2329 a
634 2264 748 2329 double
759 2264 895 2330 removal
906 2272 992 2329 :—“
1003 2266 1135 2332 AEstate
1149 2267 1181 2332 in
1196 2267 1365 2333 Saxoniam

275 2364 370 2430 ducto
395 2366 544 2441 exercitu,
573 2365 757 2449 omnesqui
788 2375 876 2430 trans
903 2365 1032 2430 Albiam
1061 2374 1094 2431 et
1120 2368 1152 2432 in
1178 2367 1365 2434 Wihmuodi

275 2466 460 2531 habitabant
476 2465 616 2530 Saxones
632 2487 704 2528 oum
718 2464 898 2530 mulieribus
920 2473 952 2529 et
969 2465 1141 2532 infantibus
1156 2469 1316 2533 transtulit
1331 2471 1364 2535 in

274 2565 449 2641 Franciam,
476 2574 508 2632 et
531 2588 626 2651 pagos
647 2563 873 2629 transalbianos
897 2565 1061 2633 Abotridis
1083 2567 1364 2635 dedit.''—Annal.

274 2666 425 2731 Einhard.
441 2665 482 2730 ad
497 2689 548 2731 an.
563 2669 640 2731 804.
682 2665 793 2746 (Perta
808 2664 830 2728 i.
847 2667 935 2743 191.)

317 2766 496 2853 Laatly-“
510 2765 548 2830 ln
564 2766 674 2831 diebus
688 2765 749 2830 illis
763 2773 965 2830 surrexerunt
978 2766 1017 2830 de
1031 2768 1146 2853 populo
1161 2768 1365 2836 Holzatorwm

278 2867 412 2952 amplius
423 2889 517 2950 quam
533 2874 688 2931 sexcentae
707 2865 842 2944 familiae,
858 2866 1099 2951 transmissoque
1113 2890 1205 2933 amne
1219 2868 1364 2938 abierunt
1421 2923 1424 2941 2

276 2967 327 3031 via
346 2966 534 3051 longissima,
550 2973 723 3050 quaerentes
738 2964 797 3030 sibi
816 2965 906 3031 sedes
923 2975 1122 3052 opportunas,
1138 2969 1191 3033 ubi
1213 2968 1365 3036 fervorem

273 3066 496 3151 persecutionis
520 3066 721 3130 declinarent.
767 3066 992 3151 Veneruntque
1017 3067 1050 3131 iu
1073 3078 1184 3134 moestos
1205 3070 1362 3150 Horticos,

273 3175 306 3230 et
320 3175 499 3231 manserunt
515 3166 568 3243 ibi,
584 3167 642 3251 ipsi
657 3174 689 3229 et
703 3163 758 3229 filii
773 3176 806 3230 et
818 3176 948 3252 nepotes
962 3190 1068 3232 eorum
1082 3191 1179 3254 usque
1196 3170 1229 3233 in
1242 3168 1366 3236 hodier-

274 3289 349 3330 num
365 3265 629 3331 diem.''—Helm.
645 3265 760 3332 Ghron.
777 3265 862 3331 Slav.
878 3267 897 3330 i.
915 3269 967 3333 26.

317 3367 388 3432 The
406 3364 554 3444 Frisians,
577 3366 694 3442 Dutch,
716 3366 779 3430 and
801 3365 922 3431 Saxona
942 3388 1027 3432 seem
1047 3376 1080 3432 to
1103 3370 1183 3434 have
1209 3370 1287 3436 been
1310 3373 1365 3437 the

274 3467 361 3533 chief
377 3465 523 3531 colonists
537 3466 574 3530 of
590 3465 653 3531 this
674 3465 841 3530 kind:-“
855 3467 963 3550 Neque
985 3467 1047 3530 illae
1068 3468 1193 3536 fraudes
1214 3471 1361 3551 locorum,

274 3591 332 3633 nec
347 3614 356 3633 .
374 3614 382 3630 .
397 3566 538 3652 perfugia
554 3566 702 3631 silvarum
716 3566 865 3632 barbaros
884 3573 990 3652 tegere
1005 3575 1182 3652 potuerunt,
1198 3572 1364 3654 quominus

275 3667 386 3734 ditioni
402 3674 466 3731 tuae
490 3665 663 3731 divinitatis
685 3689 793 3732 omnes
817 3689 883 3732 sese
906 3665 1019 3733 dedere
1040 3678 1233 3754 cogerentur,
1250 3682 1279 3736 et
1295 3695 1364 3737 cum

274 3768 424 3855 conjuctis
436 3788 476 3831 oe
492 3765 604 3842 liberis,
620 3776 768 3851 ceteroque
784 3767 920 3832 maweu
940 3769 1193 3835 mudhena
1206 3793 1245 3837 oc
1259 3793 1363 3837 rerum

274 3890 403 3934 suorum
418 3867 464 3932 od
486 3866 553 3932 loca
573 3866 648 3931 olim
668 3866 786 3930 deerto
807 3867 985 3945 transireat,
1008 3876 1045 3934 ut
1068 3892 1136 3953 quae
1156 3870 1286 3937 fortasse
1303 3873 1362 3957 ipsi

274 3968 432 4053 quondam
455 3965 662 4052 depraedando
684 3974 893 4045 vastaverant,
911 3969 996 4033 culto
1007 3969 1167 4035 redderent
1179 3971 1360 4036 serviendo:

273 4076 343 4134 arat
360 4090 434 4153 ergo
455 4089 538 4131 nuuc
560 4066 636 4130 mihi
663 4066 835 4132 otomccos
857 4074 890 4132 et
911 4069 1040 4135 Frisios
1061 4078 1093 4135 et
1113 4070 1166 4135 ille
1189 4094 1295 4156 vagus,
1311 4072 1363 4136 ille

273 4168 430 4256 predator
447 4166 596 4231 exercitio
617 4165 776 4251 squalidus
790 4175 936 4252 operatur
958 4176 990 4234 et
1011 4168 1188 4255 frequentat
1207 4171 1364 4238 nundinas
1495 4240 1502 4253 ,

273 4293 359 4335 meas
380 4289 495 4361 pecore
517 4266 628 4347 venali,
656 4272 689 4330 et
713 4266 815 4332 cultor
838 4268 989 4336 barbarus
1012 4269 1100 4336 laxat
1124 4272 1362 4338 annonam.''—

275 4368 422 4437 Eumeuii
438 4367 595 4454 Panegyr.
611 4367 643 4431 in
659 4365 795 4432 Maxim.
811 4391 856 4435 eo.
872 4372 903 4447 8,
917 4371 949 4434 9.
