3246 5078
635 445 928 502 raouauouans.
1273 429 1331 498 cxi

237 632 344 677 ruseos
365 615 510 675 orantes:
536 629 608 672 nam
632 606 769 673 discessu
787 608 1010 678 Romanorum,
1027 627 1065 670 ac
1088 604 1179 669 vacui
1202 609 1333 668 externo

238 720 336 788 metu,
356 710 459 796 gentis
484 707 702 784 adsuetudine,
724 714 793 773 tum
820 714 853 772 et
879 705 1077 771 aemulatione
1100 703 1217 791 gloria,
1245 725 1334 768 arma

240 812 272 876 in
296 834 329 878 se
351 815 529 875 verterant:
553 807 600 874 vis
622 806 794 884 nationum,
817 807 917 874 virtus
939 807 1054 872 ducum
1079 804 1112 871 iu
1138 826 1247 889 aequo:
1278 801 1334 868 sed

243 910 474 985 Maroboduum
497 909 579 994 regis
606 929 720 974 nomen
742 908 876 973 Invisum
902 907 987 993 apud
1012 906 1198 992 populares:
1226 902 1334 968 Armi-

241 1012 328 1076 nium
344 1032 400 1096 pro
414 1010 559 1074 libertate
573 1007 743 1073 bellantem
756 1007 845 1074 favor
859 1008 1005 1073 habebat.

286 1109 398 1175 XLV.
422 1109 524 1195 Igitur
552 1131 614 1174 nou
636 1109 730 1174 modo
756 1108 904 1175 Ohemsci
933 1108 1069 1192 sociique
1093 1128 1211 1181 eorum,
1244 1113 1336 1169 vetus

243 1210 379 1276 Arminii
405 1209 505 1287 miles,
532 1231 690 1294 sumpsere
713 1209 847 1275 bellum:
873 1209 927 1276 sed
950 1232 968 1273 e
992 1230 1088 1293 regno
1110 1206 1206 1272 etiarn
1230 1205 1337 1270 Maro-

245 1311 339 1377 bodui
366 1311 480 1376 Snevae
507 1316 627 1394 gentes,
654 1309 824 1376 Semnones
848 1333 885 1375 ac
906 1307 1117 1394 Langobardi,
1136 1306 1276 1371 defecere
1295 1304 1337 1370 ad

245 1434 334 1477 enm:
358 1412 470 1496 quibus
484 1410 602 1475 additis
622 1409 835 1497 prepollebat,
851 1410 884 1475 ui
908 1408 1123 1496 Inguiomerus
1148 1429 1219 1472 eum
1242 1428 1337 1471 mauu

245 1512 403 1577 clientium
418 1510 460 1576 ad
479 1510 711 1576 Maroboduum
727 1511 930 1596 perfugisset:
955 1533 1016 1574 nou
1033 1508 1127 1574 aliam
1145 1507 1185 1572 ob
1200 1529 1335 1583 causam

246 1611 434 1696 quam·quia
459 1610 565 1676 fratris
590 1608 654 1674 filio
673 1608 794 1697 juveni,
820 1619 951 1697 patruus
976 1631 1072 1675 senex
1097 1630 1206 1694 parere
1229 1606 1339 1692 dedig-

245 1713 389 1778 nabatur.
441 1711 630 1797 Diriguntur
654 1712 736 1777 acies
757 1712 825 1797 pari
845 1711 1001 1796 utrimque
1029 1732 1094 1795 spe,
1120 1730 1178 1773 nec
1199 1714 1237 1772 ut
1263 1706 1338 1775 olim

245 1812 329 1898 apud
355 1812 529 1876 Germanos
542 1811 631 1897 vagis
652 1806 836 1890 incursibus
853 1819 910 1878 aut
926 1809 1073 1897 disjectas
1095 1832 1151 1895 per
1171 1815 1336 1872 catervas:

245 1913 360 1999 qnippe
383 1912 476 1996 longa
496 1910 663 1977 adversum
684 1933 742 1977 nos
763 1912 886 1990 militia,
910 1912 1107 1978 insueverant
1130 1908 1216 1993 sequi
1238 1907 1337 1993 signa,

244 2011 391 2077 subsidiis
416 2008 542 2089 firmari,
557 2010 643 2076 dicta
666 2012 889 2097 imperatorum
911 2012 1061 2097 accipere.
1104 2010 1153 2076 At
1178 2017 1254 2075 tanc
1271 2010 1337 2074 Ar·

245 2112 362 2177 minius
385 2133 464 2194 equo
488 2111 683 2176 conlustrans
710 2119 834 2188 cuncta,
858 2119 896 2177 ut
918 2134 1056 2197 quosque
1077 2110 1228 2176 advectus
1251 2117 1336 2175 erat:

248 2220 270 2251 “
287 2212 506 2297 Reciperatam
532 2210 721 2293 libertatem,
748 2210 920 2277 trucidatas
947 2211 1092 2297 legiones,
1108 2210 1207 2297 spolia
1237 2209 1341 2275 adhuc

247 2320 280 2378 et
295 2313 360 2378 tela
374 2311 524 2376 Romanis
538 2310 679 2396 derepta,
697 2310 729 2375 iu
754 2311 898 2377 manibus
919 2310 1119 2376 multorum”
1141 2310 1338 2377 ostentabat:

249 2420 359 2479 contra
381 2419 403 2453 “
418 2411 562 2498 fugacem
579 2410 812 2477 Maroboduum
822 2412 841 2440 ”
863 2411 1034 2497 appellans,
1051 2417 1072 2448 “
1087 2410 1264 2497 praeliorum
1285 2433 1340 2475 ex·

249 2520 379 2599 portem,
408 2510 578 2599 Hercynia
604 2511 734 2577 latebris
759 2511 930 2590 defensum,
957 2534 995 2576 ac
1022 2533 1099 2576 mox
1123 2534 1178 2597 per
1201 2511 1285 2576 dona
1309 2518 1342 2576 et

249 2613 420 2700 legationes
456 2612 602 2698 petivisse
639 2611 748 2689 fredus,
784 2612 976 2699 proditorem
1010 2612 1131 2697 patria,
1174 2611 1342 2676 satellitem

249 2712 389 2790 Oaesarie,
420 2713 505 2779 haud
534 2712 637 2779 miuus
671 2711 799 2779 infensis
832 2714 944 2778 animis
976 2710 1218 2789 exturbandum,
1248 2733 1342 2795 quam

250 2815 371 2879 Varum
387 2813 591 2897 Quinctilium
606 2812 838 2879 interfecerint:
861 2812 1075 2880 meminissent
1091 2810 1185 2876 modo
1200 2818 1249 2876 tot
1264 2834 1342 2897 proe·

249 2914 372 2993 liorum,
400 2936 531 2998 quorum
559 2922 684 2989 eventu,
706 2921 739 2979 et
764 2915 806 2979 ad
834 2921 1025 3001 postremum
1045 2911 1153 2999 ejectis
1181 2911 1341 2990 Romanis,

250 3016 326 3080 satis
343 3014 519 3101 probatum,
539 3036 632 3099 penes
647 3020 735 3080 utros
749 3037 872 3081 summa
886 3013 960 3079 belli
975 3013 1098 3079 fuerit.”

296 3114 427 3181 XLVI.
454 3114 563 3198 Neque
587 3113 802 3181 Maroboduus
819 3111 978 3200 jactantia
999 3114 1057 3191 sui,
1085 3121 1141 3179 ant
1164 3113 1285 3199 probris
1310 3113 1343 3178 in

249 3217 372 3282 bostem
386 3214 581 3280 abstinebat:
606 3214 662 3280 sed
679 3214 912 3301 Inguiomerum
922 3224 1040 3293 tenens,
1060 3221 1080 3250 “
1094 3214 1154 3279 Illo
1169 3214 1202 3279 in
1216 3236 1344 3300 corpore

252 3316 347 3381 decus
366 3337 458 3380 omne
482 3314 717 3392 Cheruscorum,
732 3316 814 3381 illius
826 3315 962 3380 consiliis
982 3322 1081 3401 gesta
1104 3337 1172 3399 qua
1197 3337 1343 3401 prospere

250 3412 451 3495 ceciderint,'’
472 3415 666 3480 testabatur:
693 3423 714 3454 “
733 3416 896 3482 vecordem
912 3415 1102 3494 Arminium,
1116 3422 1149 3480 et
1169 3436 1273 3480 rerum
1291 3439 1344 3481 ne-

250 3516 360 3593 scium,
384 3516 518 3582 alienam
543 3514 674 3601 gloriam
700 3516 733 3580 in
760 3538 793 3582 sa
814 3516 949 3594 trabere,
979 3516 1126 3601 quoniam
1147 3523 1212 3582 tres
1230 3538 1345 3583 vacuas

251 3617 388 3703 legiones
409 3623 442 3681 et
457 3615 570 3681 ducem
594 3615 713 3681 fraudis
727 3616 870 3704 ignarum
895 3614 1026 3702 perfidia
1047 3615 1214 3702 deceperit,
1230 3638 1345 3703 magna

251 3740 322 3783 cum
347 3716 435 3782 clade
457 3715 645 3793 Germania,
670 3723 702 3781 et
722 3715 893 3804 ignominia
915 3739 982 3793 sua,
1004 3738 1076 3781 cum
1099 3714 1246 3803 conjunx,
1273 3739 1344 3781 eum

252 3815 333 3884 lilius
355 3800 431 3903 ejus,
458 3815 619 3882 servitium
642 3815 746 3881 adhuc
764 3817 910 3882 tolerent.
962 3817 1010 3881 At
1035 3839 1068 3882 se
1090 3816 1253 3881 duodecim
1270 3816 1346 3904 legi·

252 3918 365 3984 ouibus
383 3919 518 4003 petitum
533 3916 612 3981 duce
633 3916 770 3991 Tiberio,
791 3916 944 3982 illibatam
965 3915 1192 3982 Germanorum
1212 3917 1345 4003 gloriam

253 4018 443 4084 servavisse:
467 4039 543 4082 mox
560 4016 790 4082 conditionibus
811 4017 908 4102 aquis
926 4017 1113 4083 discessum:
1138 4039 1238 4102 neque
1252 4018 1348 4103 prani-

252 4127 319 4183 ters
340 4119 423 4202 quod
444 4118 581 4204 ipsorum
601 4116 633 4181 iu
653 4139 748 4182 mauu
770 4117 821 4196 sit,
841 4119 996 4204 integrum
1020 4117 1170 4184 adversus
1189 4117 1349 4184 Romanos

252 4218 380 4297 bellum,
392 4242 433 4284 an
444 4240 553 4305 pacem
565 4217 761 4282 incruentam
776 4218 918 4285 malint.”
964 4217 1027 4284 His
1042 4218 1170 4284 vocibus
1184 4217 1348 4284 instinctos

252 4319 421 4396 exercitus,
447 4317 578 4404 propriae
603 4339 725 4402 quoque
745 4340 846 4384 eausa
874 4318 1096 4385 stimulabant:
1121 4340 1193 4383 enm
1223 4340 1243 4383 a
1268 4316 1348 4381 (lhe-

253 4419 350 4486 ruscis
374 4418 658 4506 Langobardisque,
674 4440 731 4503 pro
755 4419 884 4502 antiquo
904 4418 1026 4497 decore,
1041 4426 1097 4484 aut
1118 4417 1234 4483 recenti
1257 4417 1345 4482 liber·
