3246 5078
632 452 925 511 rnonnconuuu.
1214 441 1326 513 lxxxv

228 614 350 698 generis
372 615 462 701 copia
483 613 598 695 deficit,
614 617 710 682 etiam
732 615 774 680 ad
796 615 1006 681 innocentium
1028 614 1179 702 supplicia
1196 617 1323 684 descen-

231 712 321 778 dunt.

273 813 394 880 XVII.
421 816 524 881 Deum
559 818 696 882 maxime
739 817 931 883 Mercurium
958 817 1085 882 colunt:
1117 815 1211 903 hujus
1246 826 1320 883 sunt

226 913 361 998 plurima
382 916 555 997 simulacra,
579 918 661 983 hune
684 917 823 983 omnium
848 917 1041 983 inventorem
1064 917 1178 983 artium
1204 918 1319 997 ferunt,

224 1014 309 1079 hunc
325 1016 446 1081 viarum
459 1025 553 1102 atque
570 1019 716 1084 itinerum
740 1018 861 1096 ducem,
877 1018 960 1082 hunc
976 1018 1018 1083 ad
1031 1028 1168 1102 questus
1182 1020 1319 1103 pecunias

224 1123 474 1201 mercaturasque
489 1118 603 1184 habere
619 1120 683 1184 vim
699 1119 870 1183 maximam
886 1118 1087 1184 arbitrantur.
1132 1118 1210 1183 Post
1226 1120 1319 1196 hunc,

225 1214 404 1299 Apollinem
420 1226 452 1282 et
467 1218 607 1284 Martem
621 1220 658 1284 et
668 1218 693 1283 J
694 1242 783 1285 ovem
798 1226 831 1283 et
843 1218 1041 1285 Minervam:
1065 1219 1104 1285 de
1118 1219 1318 1287 hiscamdem

226 1314 299 1392 fere,
331 1341 425 1402 quam
452 1318 578 1404 reliquae
608 1328 727 1405 gentes,
758 1318 875 1384 hubent
903 1319 1100 1404 opinionem3
1137 1320 1317 1405 Apollinem

225 1416 348 1482 morbos
363 1418 528 1505 depellere,
548 1420 723 1485 Minervam
741 1442 869 1505 operum
891 1428 985 1503 atque
1006 1417 1207 1486 artificiorum
1229 1420 1319 1487 initia

224 1516 406 1594 transder03
433 1519 454 1582 J
457 1542 547 1585 ovem
561 1520 726 1607 imperium
743 1520 913 1586 caelestium
928 1528 1053 1595 teuere;
1079 1520 1217 1586 Martem
1234 1521 1317 1586 bella

225 1638 340 1702 regere.
386 1619 483 1696 Huic,
508 1644 603 1705 quum
625 1621 730 1707 proelio
753 1621 900 1686 dimicare
921 1612 1159 1699 constituerunt,
1183 1643 1230 1700 ea,
1248 1644 1316 1706 qnae

225 1715 306 1782 bello
327 1720 474 1805 ceperint,
490 1721 670 1807 plerumque
697 1721 861 1786 devovent.
906 1720 983 1803 Ques
1010 1722 1234 1807 superaverint,
1250 1724 1316 1787 ani·

223 1817 319 1882 mulia
333 1828 426 1904 capta
442 1820 628 1897 immolant;
653 1823 784 1907 reliquas
800 1822 896 1886 resin
913 1844 1009 1887 unum
1025 1822 1127 1886 locum
1142 1821 1316 1889 conferunt.

226 1915 340 1982 Multis
363 1920 396 1983 iu
420 1919 599 1987 civitatibus
619 1923 730 1987 harum
755 1945 858 1987 rerum
882 1930 1058 1987 exstructos
1083 1924 1219 1988 tumulos
1242 1923 1317 1990 loeis

222 2019 412 2084 consecratis
433 2021 602 2106 conspicari
623 2023 716 2088 licet:
744 2045 843 2106 neque
864 2044 946 2107 saepe
967 2023 1092 2099 accidit,
1110 2031 1156 2100 ut,
1175 2023 1318 2109 neglecta

223 2118 378 2203 quispiam
396 2120 554 2206 religione,
577 2130 633 2186 aut
658 2129 751 2207 capta
776 2121 860 2207 apud
889 2144 922 2187 se
947 2123 1112 2201 occultare,
1133 2132 1188 2189 aut
1215 2126 1317 2210 posita

224 2218 333 2283 tollere
356 2219 506 2296 auderet3
533 2222 809 2307 gravissimumque
827 2221 856 2285 ei
877 2222 921 2286 rei
944 2224 1130 2309 supplicium
1151 2246 1222 2289 cum
1245 2247 1316 2289 cru-

225 2319 309 2383 ciatu
326 2321 532 2386 constitutum
546 2330 605 2413 est.

268 2416 407 2485 XVIII.
432 2420 514 2486 Galli
546 2445 579 2488 se
610 2444 717 2488 omncs
747 2422 788 2487 ab
811 2423 886 2487 Dite
918 2430 1007 2506 patre
1035 2431 1202 2507 prognatos
1237 2445 1314 2507 pruc-

224 2519 340 2595 dicant,
354 2521 447 2606 idque
458 2522 498 2587 ub
510 2523 683 2589 Druidibus
698 2523 855 2609 proditum
869 2522 987 2586 dicunt.
1032 2521 1082 2587 Ob
1095 2545 1164 2586 earn
1175 2544 1316 2586 caussam

223 2620 325 2705 spatia
354 2623 454 2688 omnis
487 2624 635 2709 temporis
670 2646 732 2687 non
765 2645 894 2688 numero
926 2621 1057 2698 dierum,
1090 2621 1146 2687 sed
1174 2621 1314 2686 noctium

223 2718 356 2795 finiuut;
386 2720 452 2788 dies
472 2725 593 2790 natales
621 2733 653 2789 et
676 2725 829 2789 mensium
855 2730 888 2788 et
907 2744 1059 2786 annorum
1080 2721 1170 2787 initia
1191 2722 1235 2786 sic
1258 2722 1316 2786 ub-

221 2832 355 2902 servant,
371 2830 408 2887 ut
429 2832 554 2888 noctem
577 2824 643 2891 dies
664 2824 879 2908 subsequatur.
925 2823 963 2886 In
986 2823 1111 2906 reliquIs
1132 2822 1206 2887 vite
1228 2820 1316 2886 insti-

221 2922 299 2986 tutis
323 2922 382 2987 hoe
405 2923 470 2989 fere
496 2924 537 2988 ub
564 2924 689 3010 reliquis
718 2923 877 3001 differunt,
904 2922 987 3007 quod
1010 2946 1081 2988 suos
1106 2921 1227 2999 liberos,
1256 2922 1316 2987 nisi

223 3045 318 3105 quum
339 3023 541 3101 adoleverint,
557 3032 593 3089 ut
615 3047 727 3090 munus
751 3024 870 3090 militioe
892 3024 1043 3089 sustinere
1066 3024 1194 3108 possint,
1210 3022 1312 3108 palam

220 3121 262 3185 ud
284 3144 316 3186 se
337 3123 423 3189 adire
442 3146 503 3189 non
527 3126 698 3209 patiuntur,
716 3123 871 3209 liliumque
889 3124 998 3210 puerili
1015 3131 1109 3187 aetate
1132 3122 1165 3189 in
1180 3122 1313 3208 publico,

222 3221 255 3286 in
270 3232 437 3309 conspectu
452 3225 560 3311 patris,
576 3225 736 3302 adsistere,
753 3234 844 3310 turpe
861 3224 989 3290 ducunt.

223 3368 226 3373 -
266 3323 372 3388 XIX.
395 3325 477 3403 Viri,
503 3334 635 3409 quantas
665 3327 811 3411 pecunias
832 3325 873 3391 ab
897 3324 1048 3389 uxoribus
1077 3323 1161 3388 dotis
1189 3324 1313 3389 nomine

222 3432 418 3509 aeceperunt,
453 3432 560 3491 tentas
589 3449 629 3491 ex
657 3427 721 3491 suis
753 3425 849 3501 bonIs,
878 3424 1084 3490 aestimatione
1113 3425 1206 3501 facta,
1242 3446 1313 3489 cum

221 3523 348 3590 dotibus
380 3526 623 3592 communicant.
680 3523 788 3612 Hujus
823 3524 923 3590 omnis
954 3524 1091 3609 pecnnia
1122 3522 1312 3609 conjunctim

220 3626 301 3690 ratio
314 3624 458 3704 habetur,
473 3625 652 3711 fructusque
662 3634 843 3693 servantur:
868 3633 938 3690 uter
949 3647 1056 3689 eorum
1067 3624 1133 3688 vitu
1147 3625 1312 3711 superarit,

219 3724 354 3790 adeum
376 3748 448 3810 pars
470 3725 631 3811 utriusque
656 3750 727 3791 cum
749 3726 901 3791 fructibus
922 3725 1114 3809 superiorum
1136 3734 1314 3810 temporum

220 3826 373 3911 pervenit.
427 3825 499 3891 Viri
532 3826 566 3891 in
594 3849 716 3905 uxores,
745 3826 836 3892 sicuti
861 3826 893 3889 in
919 3824 1040 3903 liberos,
1064 3825 1138 3889 vitae
1168 3824 1313 3909 necisque

219 3925 336 3991 habent
358 3933 564 4013 potestatem:
592 3936 634 4006 et,
658 3950 753 4011 quum
778 3933 868 4012 pater
891 3924 1027 4003 familie,
1056 3924 1222 3989 illustriore
1244 3925 1315 3990 loco

218 4034 320 4103 natus,
338 4026 478 4109 decessit,
495 4024 562 4112 ejus
576 4026 739 4115 propinqui
760 4025 948 4092 conveniunt
971 4034 1015 4101 et,
1032 4023 1072 4088 de
1095 4031 1195 4089 morte
1216 4023 1241 4088 si
1262 4047 1313 4090 res

218 4127 250 4191 in
275 4127 481 4213 suspicionem
502 4126 596 4206 venit,
618 4128 657 4192 de
680 4127 830 4193 uxoribus
854 4126 886 4190 in
910 4126 1051 4191 servilem
1075 4124 1202 4190 modum
1227 4147 1312 4208 quae·

216 4226 350 4293 ctionem
374 4227 492 4293 habent
516 4236 558 4306 et,
589 4229 615 4294 si
646 4235 838 4315 compertum
865 4236 924 4300 est,
952 4226 1017 4312 igni
1045 4233 1138 4309 atque
1165 4225 1310 4290 omnibus

217 4327 382 4393 tormentis
410 4327 602 4395 excrutiatas
630 4326 847 4397 interficiunt..
883 4326 1009 4391 Funera
1035 4335 1107 4391 snut
1137 4347 1192 4408 pro
1220 4324 1307 4388 cultu

218 4428 381 4496 Gallorum
396 4426 561 4515 magnifica
577 4436 609 4495 et
626 4436 829 4516 sumptuosa3
855 4427 1028 4512 omnisque,
1044 4448 1112 4512 quae
1128 4425 1206 4491 vivis
1223 4422 1309 4489 cordi
