3232 5100
311 440 398 508 xviii
591 452 667 507 unu
689 452 872 508 curuans
897 451 946 508 os
970 452 1138 508 rsonae.

314 613 486 700 Hystaspis
496 611 586 690 filius,
599 611 717 699 Autyri
732 612 813 699 regis
826 611 1002 677 Gothomm
1017 610 1113 676 filiam
1128 612 1160 677 in
1175 610 1411 677 matrimonium

313 713 533 800 expostulavit,
548 735 661 798 rogans
684 713 799 797 pariter
818 720 911 795 atque
935 713 1103 790 deterrens,
1127 713 1186 777 nisi
1209 735 1299 778 snam
1320 734 1411 796 pera·

313 823 424 902 gerent
438 814 642 879 voluntatem.
688 810 784 897 Cujus
805 812 989 877 affinitatem
1007 812 1105 877 Gothi
1119 822 1308 899 spernentes,
1324 813 1410 898 lega·

313 915 431 980 tionem
454 911 521 999 ejus
542 914 740 979 frustrarunt.
785 913 847 994 Qui
871 913 1021 998 repulsus,
1035 913 1139 978 furore
1155 911 1334 977 flammatus
1349 921 1408 987 est,
1436 924 1442 932 “

316 1022 348 1081 et
360 1015 521 1102 octoginta
534 1013 632 1079 millia
643 1020 834 1078 armatorum
847 1021 956 1078 contra
968 1014 1050 1099 ipsos
1064 1013 1212 1099 produxit
1222 1013 1408 1089 exercitum,

316 1114 534 1181 verecundiam
556 1136 644 1179 suam
666 1114 750 1178 malo
771 1112 895 1198 publico
909 1114 1066 1179 vindicare
1083 1113 1293 1200 contendenp;
1319 1113 1409 1178 nari·

315 1217 434 1300 busque
458 1236 537 1301 pene
562 1238 583 1280 a
607 1213 816 1281 Chalcedonis
841 1236 937 1299 usque
962 1215 1005 1279 ad
1029 1213 1229 1301 Byzantium,
1245 1214 1287 1278 ad
1309 1214 1410 1278 instar

316 1317 459 1403 pontium
473 1315 624 1381 tabulatis
637 1323 731 1398 atque
746 1314 906 1391 consertis,
921 1315 1001 1399 petit
1014 1314 1180 1379 Thraciam
1193 1322 1226 1379 et
1240 1314 1408 1389 Mariam

316 1425 472 1504 ponteque
501 1438 608 1481 rursus
632 1416 665 1479 iu
692 1413 836 1478 Danubio
861 1414 928 1499 pari
957 1414 1050 1479 modo
1075 1422 1252 1481 constructo
1287 1414 1411 1480 duobus

316 1518 476 1583 mensibus
491 1515 606 1580 crebris
629 1513 780 1599 fatigatus
793 1513 941 1599 intaphis,
957 1523 1028 1579 octo
1043 1515 1140 1579 millia
1154 1514 1291 1600 perdidit
1307 1536 1410 1579 arma·

319 1625 434 1682 torum.
479 1615 666 1699 Timensque
687 1637 727 1680 ne
749 1635 826 1700 pons
848 1614 985 1680 Danubii
1007 1616 1048 1680 ab
1070 1615 1137 1700 ejus
1157 1615 1343 1680 adversariis
1359 1637 1412 1679 oe-

318 1725 495 1803 enparetur,
521 1714 613 1779 celeri
639 1714 715 1800 fuga
738 1714 772 1778 in
799 1712 964 1780 Thraciam
988 1715 1170 1801 repedavit:
1201 1738 1259 1780 nee
1289 1715 1411 1781 Moesirn

318 1817 419 1883 solum
441 1815 570 1880 credens
595 1814 655 1880 sibi
679 1821 785 1879 tutum
808 1813 873 1879 fore
892 1815 1088 1899 aliquantum
1102 1814 1287 1881 remorandi.
1332 1816 1412 1881 Post

318 1914 407 2003 eujus
435 1916 596 1981 decessum
626 1914 741 1979 iterum
767 1912 895 1980 Xerxes
918 1914 1000 1980 filius
1022 1913 1089 2001 ejus
1112 1924 1258 2002 paternas
1282 1912 1414 2003 injurias

318 2016 425 2082 ulcisci
439 2039 472 2082 se
489 2015 658 2090 estimans,
676 2037 747 2079 oum
773 2014 838 2080 suis
865 2015 1019 2092 ducentis,
1046 2024 1078 2080 et
1103 2017 1326 2082 auxiliatorum
1349 2027 1413 2082 tra-

319 2116 418 2182 ceutis
429 2115 566 2181 millibus
580 2123 785 2193 armatorum,
798 2123 948 2182 rostratas
964 2138 1059 2181 nares
1071 2116 1188 2182 habens
1197 2115 1281 2180 mille
1294 2117 1413 2203 septin-

318 2224 440 2304 gentas,
456 2225 489 2282 et
504 2216 659 2282 cummias
673 2216 735 2281 tria
748 2215 854 2294 millia,
870 2239 962 2301 super
977 2216 1098 2282 Gothos
1113 2218 1269 2302 profectus
1282 2217 1325 2282 ad
1348 2218 1413 2282 bel-

319 2317 404 2392 lum;
445 2340 503 2382 nec
538 2324 662 2381 tentata
695 2339 730 2381 re
760 2316 794 2381 in
827 2313 972 2381 conflictu
1006 2318 1178 2402 provoluit,
1212 2316 1413 2383 animositate

319 2417 502 2485 constantiae
515 2425 689 2503 superatus.
735 2415 788 2481 Sic
801 2439 935 2500 namque
958 2425 994 2482 ut
1009 2426 1145 2499 venerat,
1167 2417 1284 2501 absque
1307 2418 1412 2502 alique

319 2519 489 2585 certamine
512 2540 567 2583 suo
588 2539 660 2581 cum
681 2517 792 2583 rubore
816 2517 953 2583 recessit.
999 2517 1164 2604 Philippus
1178 2539 1298 2602 quoque
1323 2526 1415 2603 pater

319 2619 496 2686 Alexandri
521 2617 633 2704 Magni
651 2639 723 2682 cum
744 2616 858 2682 Gothis
871 2616 1033 2706 ⁶amicitias
1056 2618 1212 2703 copulans,
1241 2617 1413 2704 Medopam

320 2719 456 2785 Gothilae
472 2717 567 2783 filiam
581 2718 663 2803 regis
674 2718 794 2803 aceepit
807 2739 945 2797 uxorem,
956 2726 993 2783 ut
1006 2706 1062 2783 tali
1074 2717 1227 2783 affinitate
1239 2718 1413 2796 roboratus,

322 2820 534 2886 Macedonum
547 2841 643 2904 regna
657 2815 803 2883 firmaret.
849 2818 921 2899 Qua
938 2826 1134 2904 tempestate,
1151 2818 1251 2883 Dione
1266 2818 1415 2883 historico

321 2921 454 2998 dicente,
471 2919 637 3005 Philippus
650 2917 787 3003 inopiam
808 2918 946 3004 pecuniae
969 2940 1086 3004 mesos,
1105 2918 1307 2985 Udisitauam
1332 2918 1415 2984 Mre-

321 3021 374 3087 siae
399 3020 561 3085 civitatem
585 3017 745 3084 instructis
768 3017 865 3103 copiis
892 3029 1015 3085 vastare
1044 3019 1206 3097 deliberat,
1235 3041 1304 3104 qua
1339 3027 1415 3084 tuno

320 3129 448 3207 propter
473 3119 618 3185 viciniam
646 3118 788 3197 Tamiris,
814 3117 928 3185 Gothis
953 3128 1021 3183 erat
1047 3117 1198 3206 subjecta.
1260 3119 1357 3183 Unde
1382 3128 1416 3184 et

322 3220 499 3287 sacerdotes
525 3219 702 3285 Gothorum
729 3218 833 3302 aliqui,
860 3220 905 3285 illi
930 3219 983 3303 qui
1007 3219 1058 3283 Pii
1083 3221 1286 3295 vocabantur,
1310 3219 1414 3285 subito

322 3320 487 3406 patefactis
501 3321 598 3405 portis
613 3342 683 3384 cum
698 3319 826 3384 citharis
840 3328 872 3384 et
887 3320 1025 3385 vestibus
1041 3319 1182 3385 candidis
1197 3321 1321 3385 obviam
1342 3328 1415 3385 sunt

324 3420 437 3506 egressi
462 3420 599 3505 paternis
622 3419 691 3495 diis,
716 3427 751 3484 ut
777 3419 835 3485 sibi
860 3420 986 3505 propitii
1009 3420 1199 3485 Macedones
1222 3420 1415 3505 repellerent,

323 3544 399 3586 voce
423 3518 554 3606 supplici
579 3518 783 3588 modulantes.
838 3519 923 3600 Quos
949 3520 1138 3586 Macedones
1162 3521 1207 3586 sio
1232 3518 1418 3585 fiducialiter

325 3621 383 3687 sibi
406 3643 566 3685 occurrere
591 3626 782 3697 contuentes,
804 3628 1007 3706 stupeaeuut;
1032 3633 1065 3686 et
1088 3622 1114 3686 si
1136 3620 1198 3685 dici
1223 3621 1271 3686 fas
1295 3630 1353 3699 est,
1375 3621 1416 3685 ab

325 3721 493 3787 inermibus
514 3727 661 3784 tenentur
681 3720 804 3786 armati.
856 3720 923 3785 Nec
940 3744 1038 3798 mora,
1056 3722 1122 3787 acie
1137 3720 1248 3799 soluta,
1265 3743 1359 3805 qnam
1376 3721 1419 3786 ad

326 3822 441 3887 bellum
457 3827 709 3894 construxerunt,
725 3843 787 3885 non
804 3829 926 3886 tantum
941 3822 981 3886 ab
996 3822 1082 3888 urbis
1095 3821 1217 3886 excidio
1237 3840 1415 3895 remoram

328 3945 433 3987 rerum
455 3922 550 3987 etiam
576 3927 608 3986 et
631 3942 707 4005 quoa
728 3921 802 3987 foria
822 3923 948 3986 fuerunt
966 3918 1039 4007 jure
1055 3922 1127 3987 belli
1143 3921 1260 4007 adepti,
1276 3921 1418 3985 reddide-

278 4018 286 4033 ’
328 4031 412 4098 runt,
427 4022 600 4106 fodereque
615 4021 692 4086 inito
707 4021 749 4086 ad
763 4044 819 4086 sua
833 4023 947 4087 reversi
961 4032 1045 4088 suut.
1097 4022 1197 4103 Quem
1220 4021 1326 4087 dolum
1340 4031 1419 4107 -post
1481 4009 1488 4023 ”

327 4124 455 4209 longum
482 4132 606 4208 tempus
628 4121 827 4187 reminiscens
852 4122 993 4208 egregius
1022 4121 1197 4188 Gothorum
1227 4121 1339 4186 ductor
1371 4121 1419 4186 si-

329 4224 439 4301 talcus,
457 4245 503 4288 cs.
520 4223 656 4287 virorum
673 4222 809 4289 millibus
826 4223 1029 4308 cougregatis,
1046 4221 1292 4287 Atheniensibus
1313 4221 1420 4287 intulit

327 4325 455 4401 bellum,
477 4323 627 4387 adversim
648 4321 831 4387 Perdiccam
855 4322 1050 4388 Macedonia
1071 4345 1186 4409 regem,
1211 4342 1303 4407 quem
1320 4322 1419 4386 Alex·

328 4425 427 4491 ander
450 4422 534 4510 apud
563 4421 770 4507 Babyloniam
799 4423 932 4488 ministri
963 4423 1080 4488 insidiis
1104 4430 1218 4510 potans
1248 4421 1419 4499 interitum,
